2916 4884
722 383 760 447 16

258 568 410 628 Moschus
435 588 549 645 nempe
574 567 725 637 deterior;
758 587 830 626 nam
859 567 887 627 is
917 567 1050 627 Bionem
1078 567 1214 644 appellat
1242 568 1289 627 τὸν

194 666 331 741 βώκολον,
355 665 409 741 qui

777 779 861 827 ἀείδων
873 779 969 841 ἐνόμευε

389 861 427 910 καὶ
440 859 555 923 σύριγγας
568 860 655 923 ἔτευχε
666 862 705 910 καὶ
716 859 773 910 ἆδέα
784 861 867 925 πόρτιν
879 870 1003 924 buthys—

195 984 225 1035 et
244 975 408 1052 deinceps;
431 976 515 1053 quod
537 975 677 1052 putidius
699 997 736 1036 ac
757 977 916 1037 nonnullis
937 977 1033 1037 etiam
1054 976 1289 1036 subabsurdum

195 1071 331 1132 videtur.

255 1168 411 1248 Vergilius
437 1179 543 1229 autem
565 1171 596 1229 in
620 1171 679 1231 hoc
702 1190 815 1249 genere
838 1172 932 1232 finem
957 1180 987 1232 et
1011 1172 1139 1232 modum
1163 1191 1287 1231 omnem

195 1264 1289 1348 transiit-quinmaximaparsbucolicorumejusscriptaestdlltrsyo-

194 1363 395 1440 pende-adeo
416 1361 474 1422 fuit
495 1363 544 1422 his
566 1373 720 1440 tanquam
737 1365 917 1441 praestigiis
937 1365 1074 1436 deditus,
1092 1365 1172 1423 adeo
1193 1363 1289 1440 negli-

196 1478 273 1536 gens
287 1459 401 1519 decori.
434 1459 516 1520 Sunt
531 1459 690 1532 nimirum,
706 1470 741 1520 ut
756 1461 840 1538 apud
855 1461 1072 1533 Theocritum,
1088 1461 1142 1538 qui
1157 1460 1289 1520 nomini-

197 1557 256 1616 bus
277 1554 443 1616 inmutatis
464 1575 615 1632 personas
638 1565 752 1634 gerunt
776 1557 1130 1636 pastorum—(constat
1153 1555 1290 1633 exempli

197 1674 292 1712 causa
316 1654 376 1714 sub
402 1653 498 1713 Iollae
520 1654 647 1714 nomine
667 1655 907 1734 intelligendum
928 1676 998 1716 esse
1020 1655 1206 1727 Pollionem,
1230 1654 1289 1714 sub

196 1750 338 1810 Alexidis
355 1751 581 1823 Alexandrum,
594 1761 736 1812 amatum
751 1755 792 1812 ab
807 1752 877 1831 ipso
891 1755 1048 1834 puerum).
1086 1755 1167 1813 Sunt
1181 1752 1288 1824 etiarn,

197 1868 299 1926 neque
327 1848 348 1907 ii
378 1858 488 1925 poetae
514 1849 625 1920 solum,
653 1850 706 1927 qui
731 1852 836 1928 palam
863 1851 1064 1923 inducuntur,
1092 1859 1127 1910 ut
1156 1851 1290 1923 CodruS,

198 1946 320 2018 GalluS,
343 1945 459 2006 Varius
480 1955 510 2006 et
534 1946 647 2018 Cinna,
669 1948 789 2007 Bavius
810 1969 847 2007 ac
871 1948 1025 2009 Maevius,
1069 1948 1236 2008 Praeterea
1251 1967 1290 2007 ne

198 2063 260 2102 uno
275 2043 402 2120 quidem
418 2043 544 2103 nomine
559 2053 658 2103 semet
673 2044 777 2120 ipsum
792 2044 960 2122 significat,
984 2045 1039 2104 sed
1061 2045 1139 2104 alias
1156 2044 1235 2116 aliis,
1254 2052 1289 2103 ut

199 2141 354 2213 Menalca,
377 2149 411 2200 ut
434 2141 610 2218 Corydone,
634 2151 667 2200 ut
690 2143 857 2201 Damoeta.

258 2240 300 2297 At
322 2238 406 2298 enim
428 2238 477 2297 his
498 2238 529 2297 in
552 2239 645 2297 rebus
666 2238 926 2307 consuetudinem
952 2238 1094 2316 sequitur
1118 2237 1289 2311 Theocriti,

198 2335 247 2396 vel
265 2336 375 2395 dilatat
395 2337 625 2395 tantummodo.
669 2337 890 2395 Concedamus
911 2356 986 2413 ergo
1008 2345 1042 2396 ut
1064 2336 1109 2394 ia
1130 2334 1188 2406 sit;
1214 2335 1290 2412 quid

197 2434 236 2493 de
249 2433 325 2493 Vari
342 2433 491 2509 Gallique
505 2432 653 2492 laudibus
668 2433 817 2505 dicemuS,
830 2454 910 2510 quas
924 2433 1058 2494 intexuit
1073 2433 1289 2493 carminibus?

197 2552 335 2611 quonam
350 2533 477 2591 tandem
494 2532 588 2591 modo
602 2532 728 2591 defendi
742 2533 894 2609 possunt?
926 2532 1012 2610 Quid
1023 2534 1060 2592 de
1073 2534 1109 2592 C.
1123 2532 1288 2593 Caesaris?

197 2650 270 2689 nam
287 2631 355 2707 ejus
369 2638 501 2689 mortem
521 2630 606 2710 (non,
629 2637 663 2688 ut
685 2629 814 2707 quidam
836 2639 1040 2707 putaverunt,
1064 2631 1112 2691 sui
1133 2630 1235 2711 fratis)
1257 2631 1289 2689 in

197 2747 234 2788 eo
254 2728 324 2787 loco
345 2726 498 2804 deplorat,
522 2725 575 2785 ubi
597 2726 673 2786 dicit

390 2840 549 2890 exstinctum
563 2841 703 2905 Nymphae
714 2841 815 2890 crudeli
826 2827 917 2890 funere
928 2841 1064 2907 Daphnim

390 2921 498 2980 flebant,

746 3137 873 3202 Daphnin
885 3139 1008 3190 tollemus
1019 3140 1052 3189 ad
1065 3146 1144 3197 astra.

326 3217 453 3283 Daphnin
465 3217 499 3267 ad
510 3224 583 3266 astra
594 3216 707 3267 feremus
717 3234 725 3275 ;
740 3220 839 3267 amavit
851 3234 898 3268 nos
909 3233 1014 3283 quoque
1025 3219 1190 3284 Daphnis,—

198 3328 229 3380 et
251 3329 355 3379 cetera
375 3318 424 3376 his
444 3317 569 3377 similia.
614 3317 721 3394 Quid?
766 3317 848 3377 Illud
869 3318 1004 3395 denique
1025 3339 1149 3395 poema,
1172 3328 1206 3378 ut
1228 3319 1290 3379 alia

198 3415 354 3488 omittam,
371 3415 403 3473 in
418 3434 481 3492 quo
495 3424 648 3474 venturus
662 3434 741 3491 puer
756 3415 955 3491 praedicitur,
971 3415 1063 3492 eujus
1077 3423 1147 3475 ortu

715 3527 799 3577 terrea
810 3529 925 3592 primum

392 3609 493 3659 desinet
505 3623 537 3658 ac
549 3615 606 3658 toto
617 3616 705 3672 surget
717 3624 780 3672 gens
791 3624 872 3658 aurea
883 3609 1014 3659 mundo-

91 3747 94 3750 ·
199 3729 303 3770 nonne
324 3716 425 3770 totum
448 3716 506 3780 est,
529 3717 563 3768 ut
587 3708 748 3786 ceteroqui
771 3707 913 3768 mirabile
935 3717 1031 3786 atque
1053 3709 1139 3768 haud
1162 3708 1227 3769 scio
1250 3729 1291 3768 an

198 3805 339 3866 omnium
368 3803 643 3883 perfectissimum,
672 3804 717 3865 ita
744 3805 836 3865 valde
864 3805 1033 3865 obscurum
1062 3815 1092 3866 et
1121 3807 1292 3885 aenigmati

199 3899 353 3960 simileet
375 3919 393 3958 a
416 3897 577 3957 Theocriti
598 3898 719 3958 ratione
740 3919 870 3976 prorsus
891 3899 1053 3960 alienum?

303 4060 308 4071 ‚
368 4061 373 4071 .
541 3995 603 4055 Sed
619 3995 785 4072 Virgilium
801 3996 935 4069 hercule,
951 3996 1024 4056 licet
1038 4017 1101 4056 non
1113 3995 1293 4074 probabiles

231 4061 427 4191 &gratioribus
479 4111 640 4168 personas,
662 4113 720 4167 reS,
743 4114 824 4170 quae
846 4095 940 4153 nimis
963 4095 1071 4155 urbem
1090 4096 1240 4169 redolent,
1260 4097 1292 4156 in

480 4210 617 4264 scenam,
629 4199 664 4252 ut
678 4191 778 4264 aiunt,
791 4193 942 4267 attulerit,
957 4201 1064 4254 tamen
1079 4194 1164 4254 haud
1179 4194 1292 4256 inmer-
