2916 4884
692 442 730 486 11

225 607 348 686 Quodsi
363 607 432 684 ipsa
447 606 525 666 velis
544 614 690 682 poemata
712 606 897 682 perspicere,
916 606 1002 666 nullo
1019 606 1113 666 modo
1131 606 1257 682 probari

167 726 258 784 posse
273 706 332 766 hoc
347 706 466 766 crimen
487 704 635 782 reperias.
679 704 857 765 Adfirmant
879 704 998 764 scilicet
1020 705 1258 778 obtrectatores,

168 810 201 863 ut
226 802 332 880 paullo
356 810 429 862 ante
453 801 529 872 dixi,
559 801 731 861 sententias
759 800 890 861 nimium
916 801 1040 878 politas,
1065 801 1257 879 elegantiora

166 902 271 970 verba,
288 919 384 977 quam
398 918 480 976 quae
495 896 629 957 rusticos
644 888 787 956 deceant.
831 898 916 956 Num
932 897 1036 975 igitur,
1052 899 1135 975 quod
1150 907 1259 976 pastor

167 1005 214 1056 est
230 996 398 1075 quispiam,
414 994 532 1055 idcirco
547 994 663 1053 stultus
677 993 772 1053 etiam
795 1003 890 1070 atque
912 995 1041 1055 omnino
1062 995 1256 1056 Abderites?

167 1093 244 1154 nihil
261 1093 347 1153 aliud
368 1112 464 1169 quam
484 1091 609 1151 hircum
630 1091 734 1151 oleat?
758 1090 835 1149 nihil
856 1090 1004 1168 loquatur
1025 1091 1085 1150 nisi
1107 1091 1257 1152 sordide?

167 1190 247 1269 Quis
264 1210 346 1261 vero,
363 1189 519 1267 inquiunt,
535 1188 668 1248 istorum
684 1188 847 1248 hominurn
862 1197 928 1248 tam
943 1186 1113 1248 artificiosa
1130 1198 1257 1250 caneret

166 1308 261 1367 quam
285 1296 332 1348 est
353 1286 454 1347 illud?

782 1404 832 1450 ιιίθε
842 1399 957 1464 γενοίμαν
1039 1431 1042 1435 -

359 1483 375 1533 h
385 1483 514 1544 βίμβινσιι
524 1482 640 1543 μίλισσιι,
651 1483 690 1532 καί
702 1485 727 1533 ἐκ
737 1481 794 1533 τίον
805 1483 892 1547 ίίντρον
903 1482 1005 1548 ίκοίμσν,

360 1567 404 1617 τὸν
415 1565 502 1616 κίσσσν
513 1565 591 1616 διαδὺς
603 1566 642 1616 κοί
652 1565 699 1615 τᾶν
709 1565 800 1626 ττίριν,
811 1564 827 1633 ᾇ
837 1565 867 1616 τὺ
878 1565 995 1632 nonduin.

167 1685 210 1745 At
229 1683 327 1761 liquet
349 1683 420 1742 illos
440 1689 472 1742 et
495 1681 569 1741 olim
593 1681 670 1741 talia
691 1682 842 1742 cecinisse
864 1692 896 1742 et
919 1703 1002 1742 nunc
1025 1703 1155 1743 canere:
1185 1703 1260 1744 nam

168 1780 323 1859 usquead
342 1799 399 1838 nos
420 1786 452 1839 et
473 1778 505 1837 in
528 1777 635 1839 Sicilia
657 1785 688 1837 et
710 1777 741 1837 in
764 1778 899 1864 Graecia
921 1779 1035 1839 durant
1058 1779 1157 1839 multa
1178 1779 1261 1856 ejus·

169 1878 263 1938 modi.
294 1876 401 1955 Quid?
426 1875 604 1936 Veritatine
620 1875 720 1954 magis
735 1875 1010 1935 accommodatum
1025 1884 1072 1936 est
1088 1877 1259 1955 quicquam

168 1976 222 2036 illo
242 1974 409 2052 piscatoris
429 1973 575 2032 somnio?
606 1973 656 2032 vel
682 1971 758 2050 quid
780 1992 913 2050 quaeras
938 1974 1044 2050 aptius
1068 1994 1164 2051 quam
1189 1995 1260 2035 eam
1369 2030 1372 2035 Δ

168 2072 267 2133 divini
302 2072 468 2149 Lityersae
495 2068 696 2140 cantilenam,
729 2089 824 2147 quam
852 2069 935 2128 inter
966 2072 1148 2131 metendum
1175 2072 1262 2133 canit

171 2170 289 2230 Milo-e

286 2326 288 2328 v
362 2297 487 2360 σφίγγιτ’,
499 2296 671 2356 ίιμσλλσδέτσι,
682 2296 713 2346 τὰ
724 2295 857 2358 δράγματα,
870 2297 903 2356 μὴ
915 2297 1004 2359 παριών
1014 2317 1051 2349 τις

362 2383 424 2445 einp·
442 2378 533 2429 σίκινοι
544 2379 635 2442 ἄνδρες,
645 2379 757 2429 ἀπώλετο
768 2381 794 2442 χ’
806 2377 875 2429 οὗτος
887 2383 899 2428 d
909 2379 1002 2440 μίσθοι·
1029 2403 1031 2406 ·

362 2466 387 2514 ἐς
398 2462 486 2526 βορέην
496 2462 583 2522 ἄνεμον
594 2461 638 2512 τὰς
649 2461 746 2522 κόρθιιος
758 2461 772 2510 ἃ
783 2463 845 2521 τομὰ
857 2464 928 2523 ὔμμιν

361 2547 377 2606 ἡ
389 2544 490 2608 ζέφυρον
500 2545 622 2601 Baetim·
720 2553 745 2594 et
756 2561 819 2610 quae
831 2548 984 2610 sequuntur?

170 2663 219 2723 vel
234 2662 267 2720 in
282 2661 389 2721 eodem
409 2667 564 2737 poemate,
584 2678 656 2718 cum
677 2658 831 2718 amatorio
852 2657 991 2719 carmine
1012 2661 1150 2737 puellam
1171 2682 1261 2721 suam

170 2761 285 2820 Battus
306 2758 450 2819 extollit?
494 2757 557 2817 Sed
579 2755 725 2833 persequi
747 2755 869 2834 singula
891 2755 1006 2817 infiniti
1027 2757 1120 2818 fuerit
1142 2759 1262 2835 operis;

170 2858 229 2917 hoc
251 2865 376 2916 tantum
399 2854 480 2927 dico,
504 2855 589 2931 apud
611 2874 694 2926 eum,
717 2862 752 2913 ut
775 2874 846 2915 mea
868 2855 927 2914 fert
950 2855 1067 2932 opinio,
1091 2856 1168 2917 nihil
1191 2879 1261 2920 esse

171 2954 366 3024 arcessitum,
394 2971 547 3030 personas
575 2951 722 3012 omnibus
750 2951 896 3029 partibus
920 2953 1006 3012 vitae
1033 2952 1172 3028 idoneaS,
1198 2977 1260 3018 ser-

170 3071 296 3112 monem
318 3070 414 3128 quam
436 3048 573 3109 maxime
593 3057 829 3126 congruentem.

230 3149 343 3225 Neque
373 3165 432 3223 ego
460 3156 567 3205 tamen
595 3145 777 3222 negaverim
806 3145 905 3205 ullum
933 3166 1003 3206 esse
1029 3147 1062 3206 in
1091 3150 1261 3213 Theocrito

169 3244 301 3316 vitium;
338 3264 395 3303 nec
426 3243 510 3302 enirn
537 3251 670 3318 oportet,
699 3251 733 3302 ut
770 3241 986 3320 Quintilianus
1021 3244 1121 3319 docet,
1151 3249 1258 3308 statim

169 3343 285 3422 legenti
306 3360 492 3420 persuasum
514 3340 554 3400 sit
575 3340 691 3412 omnia,
714 3360 795 3418 quae
817 3340 927 3417 optimi
948 3351 1092 3404 auctores
1112 3345 1259 3422 dixerint,

170 3441 279 3519 utique
307 3459 377 3499 esse
404 3438 560 3515 perfecta:
596 3457 671 3497 narn
699 3437 815 3497 summi
850 3449 933 3511 sunt,
963 3439 1107 3501 homines
1134 3452 1259 3505 tamen:

169 3538 277 3616 itaque
291 3535 337 3609 fit,
353 3544 397 3608 ut,
414 3535 446 3594 id
460 3535 544 3612 quod
556 3534 595 3594 de
608 3535 749 3594 Homero
760 3534 804 3594 ait
818 3535 981 3607 Horatius,
994 3536 1033 3597 de
1046 3539 1261 3604 Demosthene

171 3635 291 3706 Cice10‚
315 3633 471 3693 interdurn
493 3632 588 3692 etiam
609 3631 799 3692 Theocritus
820 3632 977 3693 dormitet.
1020 3635 1144 3713 Quibus
1165 3637 1261 3719 igitur

169 3732 202 3792 in
216 3731 293 3792 locis
307 3730 450 3807 paullum
464 3730 567 3800 cadat,
580 3729 659 3789 alias
673 3727 861 3800 viderimus;
885 3749 978 3803 nunc,
992 3739 1027 3791 ut
1041 3741 1107 3793 erat
1121 3737 1260 3811 proposi-

169 3839 247 3901 tum,
269 3829 308 3888 de
330 3828 463 3887 Moscho
484 3836 515 3887 et
537 3827 637 3886 Bione
658 3825 826 3885 dicendum
848 3835 906 3885 est.

512 3924 601 3984 Illius
616 3923 753 4001 quidem,
770 3924 824 4000 qui
840 3944 873 3984 se
887 3924 955 4001 ipse
969 3925 1135 4002 profitetur
1151 3929 1263 3991 Bionis

450 4020 545 4081 fuisse
560 4020 761 4100 discipulum,
781 4029 812 4080 et
832 4020 1010 4080 Ausonium
1025 4042 1151 4083 carmen
1167 4027 1262 4104 scrip-

170 4121 258 4193 sisse,
281 4139 440 4197 perpauca
463 4127 535 4178 sunt
558 4118 738 4195 superstite,
761 4119 1013 4196 necquicquam
1031 4121 1092 4180 nisi
1107 4143 1203 4184 unum
1220 4126 1262 4198 id,

170 4239 233 4298 quo
256 4225 414 4277 mortuum
435 4215 621 4293 magistrum
642 4216 854 4292 conqueritur,
874 4215 990 4294 insigni
1009 4217 1104 4279 laude
1118 4221 1264 4300 dignum.

203 3993 244 4042 De
257 3990 377 4040 Moscho.
