2926 4890
243 950 479 1014 CARMINIS
511 951 744 1015 BUCOLICI
778 951 1012 1033 QUAENAM
1047 952 1232 1017 FUERIT

551 1071 640 1135 ARS
672 1072 736 1134 ET
768 1071 925 1136 RATIO.

221 1385 387 1435 Prooemium
470 1336 634 1398 Casururs
664 1335 799 1397 bucolici
827 1335 1007 1414 primordia,
1037 1335 1118 1396 sicut
1148 1336 1281 1397 aliorum

221 1451 303 1513 orlgo
314 1425 428 1501 bucolici
468 1435 574 1512 poesis
587 1455 748 1514 generum,
764 1434 795 1494 in
814 1435 1007 1495 obscuritate
1026 1455 1063 1494 ac
1082 1435 1280 1496 dubitatione

219 1516 352 1566 carminis.
469 1533 718 1611 haudquaquam
747 1533 897 1593 mediocri
925 1541 1099 1593 versantur.
1153 1533 1280 1592 Nomen

188 1646 264 1687 sane
278 1636 402 1688 constat
418 1649 436 1688 a
453 1630 548 1689 boum
563 1629 706 1690 custodia
721 1629 891 1690 deductum
906 1631 1113 1710 esse—(nam
1128 1631 1280 1705 βουκόλους

188 1726 305 1786 Graeci
327 1737 441 1787 vocant
463 1727 819 1807 armentarios)—idque
839 1727 1039 1805 potissimum
1059 1727 1108 1788 his
1124 1729 1279 1805 poematis

187 1823 307 1897 datum,
321 1825 406 1902 quod
421 1824 466 1884 illi
480 1826 580 1902 pluris
595 1826 681 1902 apud
696 1826 843 1903 antiquos
858 1845 952 1903 quam
969 1834 1109 1902 pastores
1120 1825 1279 1903 ceterique

186 1930 329 1999 agrestes
345 1923 557 1994 haberentur;
581 1923 636 1982 sed
656 1923 725 1999 ipsa
743 1942 803 1995 reS,
822 1923 904 1981 unde
925 1933 956 1982 et
978 1943 996 1981 a
1018 1943 1080 2000 quo
1101 1931 1131 1982 et
1153 1923 1279 2000 quando

186 2028 296 2078 exorta
311 2020 361 2091 sit,
377 2019 458 2080 inter
473 2019 624 2097 plurimos
641 2021 745 2079 adhuc
763 2019 944 2097 ambigitur.
988 2018 1050 2078 Alii
1072 2018 1155 2078 eninr
1178 2019 1277 2080 Lace·

186 2115 338 2174 daemone
352 2117 484 2175 tradunt
499 2137 536 2175 ea
554 2117 696 2176 carmina
717 2125 789 2193 post
812 2118 925 2176 Persas
946 2117 1087 2176 devictos
1109 2117 1277 2189 exstitisse,

185 2211 239 2271 alii
256 2212 288 2271 in
308 2213 415 2273 Sicilia
435 2213 561 2272 Dianae
578 2213 785 2274 celebrandae
803 2233 899 2273 causa
920 2213 970 2273 vel
991 2215 1032 2272 ab
1055 2215 1167 2274 Oreste
1189 2214 1238 2272 vel
1260 2235 1278 2273 a

186 2309 396 2387 Syracusanis
410 2310 566 2370 instituta.
611 2311 692 2370 Sunt
707 2318 817 2370 contra
831 2309 885 2387 qui
903 2330 965 2369 non
984 2309 1106 2368 Dianae
1124 2309 1179 2369 sed
1198 2309 1277 2369 Pani

184 2426 222 2466 ac
245 2407 365 2467 Faunis
386 2408 561 2485 ceterisque
582 2408 663 2467 ruris
684 2407 868 2467 numinibus
889 2408 967 2466 haec
989 2407 1094 2467 dicata
1116 2416 1276 2467 censeant.

185 2505 339 2564 Nonnulli
354 2525 430 2566 vero
447 2514 562 2583 putant
580 2525 617 2564 ea
638 2525 700 2565 non
723 2505 820 2564 deum
839 2503 967 2563 honoris
988 2523 1085 2564 causa
1106 2503 1279 2564 constituta

184 2621 263 2675 esse,
280 2603 336 2662 sed
350 2622 367 2662 e
381 2612 543 2679 pastorum
559 2602 705 2671 cautibus
726 2600 817 2679 quasi
838 2609 951 2661 natura
973 2608 1003 2660 et
1024 2601 1183 2680 gradatim
1204 2601 1277 2661 ado·

184 2699 308 2762 levisse.
351 2701 412 2762 Cui
434 2700 610 2761 sententiae
632 2699 801 2760 Lucretius
822 2719 948 2778 quoque
968 2697 1118 2760 adsentiri
1140 2698 1276 2773 videtur,

184 2818 257 2859 curn
280 2799 401 2877 priscos
423 2799 507 2859 dicat
531 2797 684 2869 homines
706 2797 861 2875 principio
881 2816 976 2857 voces
996 2797 1104 2857 avium
1125 2797 1276 2870 imitatos,

184 2896 297 2957 deinde
310 2907 440 2958 ventum
456 2897 612 2957 audiendo
633 2915 690 2974 per
711 2896 851 2956 calamos
873 2894 1062 2968 sibilantem,
1086 2902 1211 2956 “cavas
1232 2894 1278 2954 in-

184 2993 260 3055 flare
288 2995 408 3055 cicutas
420 2997 436 3020 ”
466 2993 624 3054 didicisse.
677 2994 724 3052 Ae
749 2993 901 3054 memoria
924 3001 1010 3052 certe
1034 2993 1195 3070 proditum
1220 3003 1277 3066 est,

184 3092 269 3170 quod
278 3092 389 3152 eodem
400 3099 531 3168 spectat,
545 3090 699 3150 Adonidis
710 3090 760 3150 vel
771 3090 844 3148 Lini
854 3090 903 3150 vel
916 3091 1095 3166 Daphnidis
1104 3099 1279 3151 mortem-

185 3191 272 3270 (nam
300 3190 397 3250 aliurn
425 3189 478 3250 alii
506 3187 905 3269 celebrabant)—agrestes
935 3188 1129 3248 sollennibus
1159 3189 1280 3268 ubique

183 3287 296 3348 diebus
310 3288 509 3360 lamentatos
522 3306 586 3365 quo
600 3286 706 3346 nescio
720 3306 760 3345 an
775 3286 976 3362 praeteritam
992 3287 1074 3347 veris
1088 3287 1276 3350 suavitatem

183 3385 412 3463 exprimerent3
435 3384 526 3461 cujus
540 3384 585 3444 rei
599 3385 788 3444 documento
803 3392 877 3443 sunt
891 3383 1025 3457 Adonia,
1038 3405 1119 3462 quae
1135 3386 1278 3463 depinxit

183 3482 374 3542 Theocritus
393 3481 434 3541 ab
455 3481 680 3541 Alexandrinis
700 3489 781 3553 acta,
804 3490 835 3540 et
857 3501 894 3541 ea
917 3481 1028 3541 Bionis
1049 3483 1172 3556 naenia,
1195 3504 1276 3562 quae

183 3579 421 3658 “Epitaphium
440 3579 595 3640 Adonidis
606 3581 621 3603 ”
640 3588 781 3638 vocatur.
824 3580 942 3639 Verum
959 3579 1037 3640 haec
1058 3580 1173 3653 omnia,
1196 3603 1277 3660 quae

182 3678 384 3755 conjecturae
398 3677 619 3737 tantummodo
634 3676 696 3736 sint
711 3684 743 3736 et
764 3675 944 3752 opinionum
968 3686 1157 3751 commenta,
1173 3700 1276 3759 neque

182 3775 278 3836 fidem
299 3795 402 3853 neque
424 3773 646 3835 auctoritatem
669 3773 784 3834 habere
805 3782 948 3851 possunt.

243 3871 394 3948 Sequitur
408 3871 479 3930 dein
498 3870 651 3948 quaestio,
674 3870 746 3948 quis
767 3879 931 3946 poetarum
953 3872 1013 3931 hoc
1034 3890 1135 3949 genus
1155 3875 1277 3950 primus

181 3968 331 4048 attigerit.
373 3969 416 4028 At
431 3987 471 4028 ne
485 3968 565 4027 haec
579 3967 706 4045 quidem
721 3967 761 4026 ad
779 3967 965 4027 solvendum
987 3977 1035 4029 est
1056 3968 1186 4044 facilior,
1203 3992 1275 4031 cum

181 4066 222 4126 de
242 4064 345 4142 poetis
368 4065 494 4138 Siculis,
518 4066 572 4143 qui
596 4076 669 4127 ante
692 4066 897 4127 Theocritum
921 4067 1057 4144 fuerunt,
1083 4078 1148 4131 tam
1174 4091 1275 4148 pauca

181 4173 267 4227 certe
296 4162 444 4227 sciamus.
498 4164 619 4227 Ferunt
647 4184 724 4227 saue
752 4165 980 4239 Stesichorum,
1010 4167 1113 4228 virum
1142 4189 1214 4230 cum
1244 4170 1279 4231 in

1099 4268 1118 4311 A
1139 4269 1156 4312 2

419 4556 734 4681 twobbss
