2916 4884
711 439 750 505 15

523 608 560 668 In
586 606 736 668 materiae
758 607 885 684 quidem
907 605 1096 667 tractatione
1117 604 1275 683 Vergilius

461 706 552 767 valde
580 705 749 765 claudicat.
798 706 884 764 Nam
912 704 971 763 etsi
1000 704 1029 763 in
1059 703 1199 763 numeris
1226 710 1273 762 est

461 803 670 881 jucunditatis
686 823 723 862 ac
738 801 861 862 veneris
876 802 999 879 plenus
1011 801 1043 861 in
1058 801 1162 862 verbis
1177 820 1273 877 supra

184 924 278 981 quarn
294 901 432 963 enarrari
448 910 551 979 potest
565 901 748 972 concinnus
764 919 917 977 personas
936 907 1042 958 tamen
1063 897 1153 977 fingit
1175 899 1273 958 haud·

184 1019 342 1078 quaquam
353 998 419 1058 veri
431 997 559 1069 similes,
571 997 743 1056 sententias
755 997 930 1056 adfectatas
942 1005 1136 1074 naturaeque
1147 995 1275 1073 penitus

183 1105 403 1175 repugnantes.
459 1095 553 1174 Quod
581 1095 710 1172 quidem
738 1093 867 1154 minime
895 1094 1008 1153 mirum
1037 1093 1172 1165 videtur,
1202 1112 1274 1152 cum

183 1195 283 1272 primo
298 1195 402 1256 omnia
417 1193 481 1254 iere
496 1215 514 1254 a
529 1193 710 1264 Theocrit0‚
726 1214 743 1253 e
758 1193 824 1253 vita
843 1189 1004 1271 perpauca
1025 1192 1274 1270 deprompserit3

183 1291 305 1363 deinde,
329 1292 412 1368 quod
441 1298 489 1350 est
517 1289 767 1361 vitiosissimum,
797 1291 938 1350 Graecos
965 1289 1118 1362 homines
1149 1291 1274 1351 Graeca

182 1389 321 1461 nomina,
335 1389 475 1450 Graecos
489 1388 575 1460 deos
587 1387 664 1465 quin
678 1387 772 1448 etiarn
789 1387 857 1447 loca
873 1396 904 1448 et
919 1388 1045 1448 Graeca
1055 1395 1086 1447 et
1098 1387 1276 1449 Siciliensia

183 1505 255 1545 cum
273 1484 396 1545 ltalicis
415 1493 532 1545 temere
552 1504 589 1543 ac
609 1484 696 1544 nullo
715 1484 846 1544 consilio
865 1483 1093 1561 permiscuerit.

522 1582 575 1644 Sic
608 1590 749 1658 pastores
784 1582 857 1654 duo,
888 1582 1003 1659 quibus
1038 1581 1166 1642 nomina
1202 1590 1275 1642 sunt
1332 1634 1335 1640 .

462 1681 638 1741 Meliboeus
652 1687 683 1740 et
695 1679 834 1758 TityruS,
847 1680 887 1739 de
903 1680 1005 1740 Roma
1020 1679 1185 1757 loquentes
1201 1679 1275 1739 facit

462 1788 493 1838 et
509 1777 677 1838 Octaviani
692 1776 821 1848 scilicet,
833 1796 927 1854 quern
938 1778 1033 1836 deum
1045 1785 1169 1850 vocant,
1182 1777 1274 1838 bene·

183 1875 255 1936 ficia
269 1876 580 1952 laudantes-neque
591 1874 622 1932 id
638 1873 750 1945 solum,
764 1873 816 1932 sed
833 1873 962 1932 eosdem
973 1881 1042 1933 tum
1056 1874 1096 1933 ad
1108 1875 1273 1947 Mincium,

183 1974 266 2051 quod
283 1974 435 2032 Mantuae
450 1980 497 2031 est
512 1970 640 2042 flumen,
653 1978 720 2029 tum
737 1970 818 2029 inter
834 1978 957 2030 montes
971 1979 1002 2030 et
1018 1983 1110 2030 antra
1125 1970 1275 2049 fagosque

183 2070 311 2141 versari,
328 2079 496 2148 quaesunt
512 2069 619 2129 omnia
635 2067 771 2128 Siciliae.
809 2069 868 2127 Est
884 2068 1026 2145 ejusdem
1041 2089 1165 2146 quoque
1180 2069 1276 2146 negli-

183 2167 307 2244 gentiae
322 2167 353 2224 in
369 2186 406 2225 eo
420 2167 499 2238 1000,
516 2164 569 2225 ubi
584 2164 733 2224 dicuntur
748 2183 841 2240 agros
856 2185 919 2224 una
935 2165 1097 2243 reliquisse
1116 2166 1228 2242 Apollo
1245 2174 1276 2226 et

182 2263 287 2335 Pales,
303 2282 438 2341 quorum
452 2261 531 2322 alter
547 2261 701 2333 Graecus,
717 2261 796 2320 haec
812 2269 879 2321 tota
892 2271 975 2322 esset
992 2261 1121 2333 Italica;
1140 2270 1171 2321 et
1186 2262 1275 2336 alias,

183 2379 256 2419 cum
271 2380 333 2420 uno
347 2367 489 2435 ternpore
511 2357 705 2417 inducuntur
726 2365 757 2417 et
779 2358 891 2417 ardore
913 2358 986 2418 fessi
1009 2378 1162 2418 messores
1183 2369 1214 2419 et
1236 2360 1276 2418 ab

183 2459 301 2518 arando
324 2443 491 2516 redeuntes
511 2455 649 2534 juvenci.
691 2456 750 2514 Vel
773 2454 849 2532 quid
875 2456 1011 2533 denique
1034 2455 1202 2516 absurdius
1225 2477 1276 2516 ex-

183 2555 314 2634 cogitari
343 2563 456 2631 potest,
481 2574 579 2632 quarn
608 2552 790 2614 Cornelium
816 2552 955 2624 Gallum,
982 2555 1085 2613 virum
1110 2554 1142 2613 in
1167 2555 1277 2632 primis

183 2660 344 2712 strenuum
375 2659 470 2728 atque
499 2650 646 2710 maximis
674 2649 705 2708 in
735 2649 829 2710 rebus
856 2660 932 2710 tunc
957 2653 1276 2730 occupatum-quid,

183 2751 323 2827 inquam,
339 2748 515 2820 absurdius,
531 2768 627 2825 quam
643 2747 727 2806 hunc
743 2748 835 2807 simul
850 2757 881 2808 et
903 2748 935 2807 in
958 2748 1051 2808 Italia
1073 2750 1176 2810 facere
1198 2750 1276 2810 mili-

183 2857 313 2920 tantem,
335 2856 365 2908 et
386 2847 479 2907 scorti
500 2845 652 2907 desiderio
673 2845 891 2907 tabescentem
911 2847 943 2906 in
964 2848 1123 2908 Arcadia?

493 2944 682 3022 Progredior
697 2965 781 3004 nunc
798 2946 937 3006 adalind
953 2947 1148 3024 corruptelae
1165 2968 1275 3027 genuS,

431 3043 515 3122 quod
540 3062 614 3102 cum
637 3063 804 3102 commune
832 3051 880 3103 est
909 3045 1033 3104 cunctis
1062 3046 1275 3107 bucolicorum

183 3141 396 3218 scriptoribus,
412 3149 478 3200 tum
495 3140 526 3198 in
542 3139 683 3217 Vergilio
700 3139 837 3199 maxime
856 3142 1103 3218 reprehenditur,
1122 3163 1194 3202 eam
1208 3144 1277 3204 dico

183 3239 353 3320 ἀλληγορίαν
374 3257 470 3314 quam
491 3245 616 3308 vocant,
640 3256 701 3313 qua
723 3236 759 3296 fit
781 3245 816 3296 ut
839 3258 1067 3315 saepenumero
1088 3248 1180 3316 poeta
1203 3260 1276 3299 curn

183 3336 363 3415 pastoribus
384 3335 605 3394 confundatur.
1296 3327 1298 3332 ’

243 3433 344 3510 Cujus
365 3432 410 3492 rei
431 3431 566 3509 vestigia
586 3432 636 3491 vel
658 3432 741 3508 apud
763 3431 968 3492 Theocritum
992 3433 1064 3493 licet
1085 3438 1276 3512 conspicere,

183 3532 236 3610 qui
252 3551 313 3591 non
330 3530 429 3590 solum
447 3528 515 3606 ipse
531 3549 569 3588 ex
585 3528 779 3588 Simichidae
790 3548 925 3605 persona
936 3530 1130 3590 carminibus
1141 3531 1274 3607 intersit,

183 3631 237 3690 sed
252 3628 404 3707 quosdam
420 3647 545 3686 suorum
561 3625 742 3686 introducat
759 3626 948 3704 aequalium,
966 3627 1147 3689 nominibus
1161 3631 1275 3706 partim

182 3728 274 3798 veris,
297 3735 331 3786 ut
354 3725 499 3796 Aratum,
521 3723 775 3796 Plrrasidamum‚
799 3710 976 3796 Philetam3
1000 3727 1115 3803 partim
1130 3725 1224 3799 fietis,
1240 3738 1275 3788 ut

183 3824 338 3903 Lycidam
352 3830 383 3882 et
399 3823 516 3899 Myrto,
538 3820 570 3880 in
593 3820 709 3897 quibus
731 3820 906 3881 Leonidam
929 3821 1149 3897 Tarentinum,
1171 3844 1274 3884 suam·

181 3941 243 3999 que
268 3919 367 3996 ipsius
391 3917 527 3978 amicam
552 3917 620 3977 vult
645 3916 788 3996 intelligi.
832 3918 894 3978 Sed
923 3927 1030 3979 tamen
1058 3939 1194 3998 perram,
1224 3922 1274 3982 vel

181 4021 287 4081 dicam
309 4038 371 4078 non
396 4017 466 4094 plus
490 4037 586 4094 quarn
612 4016 719 4089 semel,
745 4036 782 4075 ac
808 4017 885 4076 satis
910 4018 1070 4078 moderate
1094 3999 1154 4078 liae
1176 4020 1275 4080 utitur

181 4115 325 4177 licentia:
348 4133 450 4190 neque
464 4113 548 4174 enim
562 4113 631 4190 ipse
646 4112 764 4190 primas
779 4113 844 4192 agit
864 4124 982 4191 partes,
1005 4134 1063 4175 nec
1084 4135 1158 4189 suas
1178 4116 1274 4177 fortu-

183 4234 241 4276 nas
263 4230 437 4288 sensusque
458 4210 490 4273 in
513 4209 616 4272 medio
637 4210 781 4288 exponit.
864 4262 865 4265 ,

216 677 256 724 De
269 675 428 750 Eclogarum

216 749 334 789 materra.

215 1650 256 1698 De
268 1648 339 1697 vitiis

214 1713 333 1777 Vergilii.

215 3014 256 3061 De
268 3011 401 3074 allegoria.
