2916 4884
719 421 759 486 14

252 584 403 645 Bucolica
417 593 523 646 autem
538 605 680 658 caesura,
697 585 779 646 sicut
794 594 867 647 ante
882 586 958 660 dixi,
974 589 1075 670 multo
1091 590 1219 668 parcius
1234 590 1286 650 hic

191 682 290 742 utitur
312 703 405 760 quam
429 684 554 744 Graeci.
599 685 699 761 Cujus
721 704 878 761 quaenam
902 706 1000 746 causa
1021 687 1071 760 sit,
1094 689 1284 768 ambigitur:

192 789 265 840 sunt
283 780 366 839 enim
385 780 438 858 qui
460 782 623 840 Maronem
647 781 753 841 dicant
775 781 939 860 dactylum
960 784 992 842 in
1015 793 1128 861 quarto
1150 786 1230 862 pede
1252 795 1285 845 ut

191 876 257 935 suis
285 877 424 936 numeris
452 877 589 937 alienum
618 879 784 955 sprevisse.
827 879 890 937 Alii
918 889 1029 940 contra
1057 891 1186 941 censent
1212 903 1285 942 eum

191 973 376 1034 difficultate
391 974 495 1052 operis
509 975 678 1047 devictum,
701 975 754 1034 alii
774 975 874 1055 (quod
895 977 961 1037 veri
971 977 1112 1039 similius
1128 979 1188 1059 est)
1204 979 1286 1039 hanc

190 1091 363 1144 caesuram,
385 1071 501 1149 quippe
521 1091 617 1148 quam
636 1073 716 1132 adeo
733 1072 915 1150 neglexerit,
931 1074 1023 1150 quasi
1038 1073 1166 1135 fortuito
1181 1076 1285 1135 solum

190 1186 369 1245 usurpasse,
397 1168 447 1228 vel
475 1188 546 1228 cum
576 1168 717 1229 Graecos
740 1169 858 1229 imitari
878 1170 982 1243 vellet,
1004 1192 1204 1250 nequaquam
1228 1192 1285 1248 pro

189 1273 274 1325 certa
296 1265 365 1343 lege
384 1285 496 1325 versus
517 1264 676 1326 habuisse.

530 1361 655 1423 Deinde
682 1363 851 1424 verborum
879 1373 927 1425 est
956 1363 1042 1424 idem
1070 1364 1193 1438 artifex,
1222 1385 1285 1443 quo

469 1460 548 1520 nihil
577 1459 676 1538 possit
705 1481 774 1520 esse
805 1463 1029 1539 praestantius,
1060 1463 1140 1523 adeo
1170 1473 1284 1524 cuncta

470 1558 686 1636 pereleganter
704 1558 793 1631 dixit,
810 1567 926 1619 cuncta
942 1560 983 1619 ad
1001 1560 1124 1620 aurium
1147 1560 1283 1621 oblecta·

189 1654 306 1715 tionem
329 1653 480 1715 elimavit.
524 1656 561 1714 In
586 1655 788 1733 paucissimis
813 1665 861 1716 est
886 1677 961 1717 sane
985 1657 1051 1718 suis
1073 1657 1141 1735 ipse
1163 1657 1283 1718 viribus

189 1755 300 1826 minor,
324 1762 399 1814 ut-

382 1851 435 1915 Qui
448 1858 481 1908 te,
495 1850 589 1907 Pollio,
602 1857 682 1908 amat,
695 1851 783 1900 veniat
794 1866 847 1916 quo
859 1858 886 1901 te
897 1867 1002 1917 quoque
1016 1853 1120 1915 gaudet,

222 1429 264 1476 De
274 1427 389 1485 dictione

222 1493 339 1556 Vergilii.

188 1960 219 2012 et
235 1950 321 2022 illud,
337 1949 368 2008 in
384 1970 446 2026 quo
461 1949 605 2009 similiter
619 1949 794 2009 desinentia
808 1970 900 2010 aures
915 1960 1078 2028 respuunt,

382 2063 474 2112 Limus
486 2070 514 2112 ut
527 2063 570 2112 hic
582 2062 697 2112 durescit
712 2071 738 2111 et
750 2063 816 2112 haec
829 2070 857 2112 ut
870 2078 931 2112 cera
942 2063 1071 2128 liquescit.

188 2165 274 2244 quod
295 2173 402 2225 tamen
429 2163 562 2223 fortasse
589 2163 693 2221 minus
721 2163 893 2222 notandum
917 2172 975 2236 est,
998 2184 1072 2223 cum
1098 2185 1115 2224 e
1142 2165 1283 2227 carmine

187 2262 293 2323 nescio
315 2280 378 2339 quo
400 2260 522 2338 magico
543 2261 748 2337 adsumptum
771 2280 839 2320 esse
859 2259 1014 2321 videatur.

249 2362 292 2420 Et
315 2368 363 2419 est
383 2358 479 2431 aliud,
501 2357 631 2435 nequid
653 2357 694 2416 ad
716 2358 800 2417 hunc
821 2357 925 2418 locum
947 2359 1106 2436 pertinens
1124 2359 1281 2434 omittam,

188 2459 274 2538 quod
303 2457 443 2536 Vergilio
471 2457 582 2533 culpae
610 2457 711 2516 datur.
755 2457 904 2534 Namque
932 2465 967 2517 ut
995 2457 1196 2534 antiquitatis
1224 2459 1282 2520 fuit

187 2566 393 2634 veterumque
408 2555 596 2632 scriptorum
612 2553 749 2614 litterate
764 2553 894 2631 peritus,
910 2553 956 2613 ita
970 2562 1121 2632 tanquam
1138 2555 1198 2614 hac
1213 2555 1283 2632 ipsa

187 2657 340 2733 deceptus
361 2646 545 2724 eruditione,
572 2650 720 2728 epithetis
745 2671 972 2728 nonnunquam
997 2671 1074 2711 usus
1096 2661 1144 2711 est
1165 2652 1283 2730 ineptis

187 2764 282 2830 atque
311 2751 483 2812 admodum
513 2748 641 2826 putidis,
671 2749 758 2808 velut
791 2747 948 2826 Hyblaeis
981 2747 1105 2826 apibus,
1140 2749 1282 2828 Cyrneas

188 2861 290 2922 taxos,
313 2848 473 2910 Chaonias
495 2847 669 2906 columbas.

247 2947 381 3024 Saepius
405 2965 479 3006 vero
503 2945 592 3003 illum
616 2943 778 3004 Theocriti
803 2963 932 3003 succum
958 2944 1084 3018 retinet,
1116 2953 1159 3018 ut,
1185 2945 1282 3006 etiam

188 3068 261 3108 cum
276 3047 346 3124 ipsa
360 3045 428 3122 ejus
445 3043 544 3103 verba
560 3042 673 3115 reddit,
693 3042 719 3102 si
736 3062 799 3102 non
818 3042 988 3117 meliorem,
1012 3050 1044 3102 at
1066 3063 1174 3122 parem
1197 3053 1283 3104 certe

187 3146 339 3225 magistro
360 3164 393 3203 se
414 3142 572 3221 praebeat.
861 3220 864 3226 .

246 3243 331 3302 Turn
352 3247 526 3318 praeterea,
549 3237 634 3315 quod
656 3245 704 3298 est
726 3237 841 3297 summi
862 3245 984 3314 poetae,
1006 3237 1182 3298 litterarum
1205 3258 1282 3299 sono

186 3362 248 3401 non
265 3339 365 3399 solum
381 3337 517 3397 delectat
531 3335 705 3407 audientes,
723 3335 778 3394 sed
796 3336 1028 3412 propemodum
1043 3355 1107 3396 rem
1122 3335 1224 3414 ipsam
1240 3337 1282 3396 ob

186 3438 295 3501 oculos
316 3434 415 3515 ponit.
458 3433 538 3493 Tale
559 3432 647 3492 verb'i
669 3452 766 3492 causa
788 3440 835 3492 est

380 3563 442 3598 nam
454 3562 538 3611 neque
549 3562 592 3595 me
603 3554 707 3597 tantum
720 3546 850 3596 venientis
861 3545 954 3596 sibilus
966 3547 1058 3605 austri,

379 3645 427 3680 nec
439 3643 565 3694 percussa
573 3628 667 3691 juvant
680 3627 763 3677 fluctu
775 3634 829 3677 tam
842 3627 927 3685 litora,
940 3643 989 3678 nec
1003 3643 1072 3693 quae

379 3727 486 3762 saxosas
497 3712 566 3761 inter
577 3711 720 3760 decurrunt
732 3709 843 3760 flumina
853 3709 944 3760 valles.

185 3810 217 3863 et
237 3798 316 3861 illud

378 3907 444 3958 eque
456 3907 532 3942 sacra
542 3897 665 3940 resonant
677 3890 799 3940 examina
810 3904 917 3955 quercu.

187 3997 251 4062 Sed
265 3996 394 4073 longum
410 3999 457 4051 est
471 4010 554 4069 quae
568 3998 701 4050 venuste
716 3988 806 4062 dixit,
822 3989 929 4049 omnia
948 3989 1014 4067 jam
1032 3990 1190 4068 persequi,
1207 4011 1279 4050 cum

185 4112 343 4173 nusquam
363 4089 428 4150 fere
448 4108 512 4148 non
536 4097 603 4148 tam
627 4086 812 4147 incredibile
837 4086 1036 4164 splendescat
1060 4107 1222 4162 canorum,
1244 4097 1280 4150 ut

184 4199 272 4274 ipsae
286 4190 416 4286 demum
431 4184 563 4248 Gratiae
577 4203 753 4246 sermonem
768 4183 836 4262 ejus
849 4183 981 4260 finxisse
996 4184 1173 4247 videantur.
1216 4187 1278 4248 Ita-

185 4311 246 4374 que
266 4290 465 4348 transeamus
486 4281 526 4341 ad
548 4280 678 4360 reliqua.
