2916 4884
694 397 749 468 ⁸10

182 556 289 634 Quid?
333 559 447 620 Nonne
469 570 500 620 et
521 561 663 620 omnium
685 563 856 638 permulcet
880 583 971 624 aures
993 573 1024 626 et
1047 567 1144 628 corda
1166 567 1269 648 tangit

181 652 260 713 illud
274 655 454 716 Simaethae
469 676 604 729 carmen,
619 677 689 717 cum
705 658 906 720 cantionibus
922 680 959 720 ac
981 663 1141 724 veneficiis
1162 685 1269 725 aman-

180 757 244 809 tem
260 770 350 811 suum
369 752 506 830 Delphin
521 754 609 813 adse
629 764 762 814 conatur
781 757 955 817 revocare?
999 760 1101 836 Quam
1124 759 1270 822 flebiliter

182 849 267 908 canit
288 869 394 910 amore
415 851 555 927 perdita!

373 966 438 1025 trior
451 971 508 1032 σιγᾷ
517 966 562 1028 μὲν
572 966 668 1024 πόντος,
678 971 809 1030 σιγῶντιδ
821 969 900 1027 ἀῆται·

373 1048 389 1098 ἃ
399 1052 420 1099 δ’
430 1049 475 1111 ἐμὲ
485 1051 512 1099 ol
524 1053 582 1115 σιγᾷ
594 1050 699 1113 στέρνων
710 1052 824 1101 ἔντοσθεν
835 1051 896 1103 ἀνία.

180 1147 305 1225 Quibus
325 1148 463 1209 lacrimis
485 1150 612 1211 Lunam
633 1152 801 1228 precatur!

372 1261 460 1326 φράζεό
469 1281 515 1324 μιν
525 1264 569 1313 τὸν
580 1263 653 1326 lpod',
668 1263 722 1313 tow
730 1264 807 1326 ῐκετσ,
819 1263 897 1314 πότνα
907 1265 1009 1318 Στλάνα.

180 1360 252 1438 Quo
273 1361 401 1421 tandem
422 1380 540 1439 angore
561 1361 719 1421 concludit
740 1363 884 1422 carmen!

371 1475 437 1526 ἀλλὰ
448 1476 478 1526 τὺ
488 1474 532 1537 plu
542 1475 656 1539 χαίροντα
667 1479 720 1525 ποτ’
732 1477 847 1527 'numm
858 1477 930 1541 τρέπε
942 1478 1044 1538 πόλους,

371 1559 456 1609 πότνι’·
473 1560 521 1622 ἐγὼ
533 1561 553 1608 δ’
565 1557 622 1608 olori
633 1558 677 1608 τὸν
690 1559 746 1619 ἐμὸν
757 1558 838 1614 τόνον,
849 1559 929 1622 ὥσπερ
941 1560 1055 1611 ὑπέσταν.

370 1645 449 1706 χαῖρε,
459 1641 578 1694 Σελαναία
588 1645 744 1705 λιταρόχροε·
761 1642 860 1706 χαίρετε
874 1644 894 1691 δ’
907 1643 979 1692 ἄλλοι

370 1727 478 1792 αστέρετ,
489 1727 601 1786 eichhorn
612 1728 665 1778 κατ’
678 1727 770 1788 ἄντυγα
781 1728 864 1778 νυκτὸν
877 1727 968 1778 ὀπαδοί.

175 1826 294 1886 Verum
319 1847 381 1887 non
405 1826 437 1886 in
462 1826 690 1887 commovenda
717 1825 917 1887 miseratione
944 1827 1043 1887 solum
1070 1828 1268 1889 admirabilia

176 1934 250 1985 sunt
264 1926 343 1985 haec
358 1934 513 2002 poemata,
529 1926 583 1984 sed
598 1934 663 1984 tam
679 1925 764 1983 omni
779 1924 869 2001 quasi
888 1925 1031 1985 renident
1046 1926 1217 1986 festivitate
1231 1946 1270 1986 ac

174 2022 303 2094 laetitia,
332 2033 367 2082 ut
395 2022 473 2082 nihil
501 2021 569 2081 fieri
596 2021 696 2098 possit
721 2021 863 2093 hilarine,
893 2021 971 2081 nihil
1000 2022 1159 2083 lascivius.
1208 2023 1268 2084 Cui

173 2121 301 2198 quidem
316 2121 371 2192 rei,
384 2139 465 2199 quae
479 2120 557 2180 adeo
571 2128 646 2178 nota
662 2118 701 2177 sit
716 2127 747 2177 et
762 2117 1029 2194 frequentissima,
1046 2141 1107 2179 non
1123 2121 1268 2198 exempla

173 2218 251 2277 mihi
266 2237 395 2278 necesse
409 2225 455 2277 est
470 2216 649 2293 adjungere.
693 2216 777 2274 Nam
797 2215 994 2289 Theocritus,
1012 2228 1045 2276 ut
1069 2218 1156 2276 brevi
1178 2238 1268 2294 prae-

172 2311 287 2387 cidam,
306 2316 410 2375 indole
431 2313 628 2402 erat'eadem
651 2332 689 2371 ac
711 2312 814 2372 viator
834 2312 887 2372 ille
908 2314 1059 2392 Lycidas,
1082 2336 1174 2393 quem
1198 2316 1268 2393 ipse

174 2412 366 2473 describit-

656 2526 776 2585 ἀτρέμας.
791 2562 797 2575 .
810 2564 816 2576 .
829 2513 945 2588 occupas,

368 2609 456 2671 ὄμματι
466 2609 608 2671 μειδιόωντα,
619 2610 698 2671 γέλως
710 2608 735 2658 δὲ
747 2611 770 2658 ol
781 2611 873 2673 ἔσχετο
884 2610 990 2673 χείλευς.

176 2709 218 2774 ls,
235 2708 261 2767 si
275 2708 346 2786 quis
361 2708 451 2780 alius,
464 2709 620 2786 nymphas
635 2729 672 2768 ac
688 2709 829 2786 Satyros
842 2718 1005 2785 pastorum
1021 2729 1093 2786 spes
1107 2719 1137 2770 et
1148 2713 1266 2789 gaudia

173 2815 204 2866 et
219 2826 341 2866 amores
355 2826 468 2866 canere
482 2807 618 2882 peritus:
641 2806 669 2864 ei
687 2805 774 2864 cordi
796 2815 884 2865 erant
906 2825 1035 2866 nemora
1057 2815 1088 2866 et
1110 2807 1212 2868 fontes
1234 2818 1265 2870 et

172 2914 264 2965 antra
279 2903 406 2964 Siciliae
420 2913 452 2964 et
466 2923 575 2964 omnes
589 2922 714 2962 orarum
730 2922 768 2961 ac
784 2903 938 2962 montium
953 2904 1170 2966 amoenitates,

514 3000 594 3060 Sunt
609 3008 716 3059 autem
731 2999 785 3076 qui
799 3001 1017 3060 vehementius
1034 3002 1066 3061 in
1087 3003 1265 3067 bucolicum

452 3116 552 3175 genus
566 3097 672 3156 invehi
684 3096 820 3156 soleant:
843 3098 899 3158 hos
913 3109 1035 3176 poetas,
1049 3101 1108 3160 etsi
1123 3102 1265 3163 bonitate

455 3216 492 3255 ac
506 3195 606 3273 gratia
622 3195 790 3253 verborum
805 3193 868 3254 sint
882 3196 1000 3256 nemini
1015 3217 1077 3257 non
1092 3218 1193 3276 pares,
1206 3200 1265 3260 etsi

172 3302 275 3353 artem
290 3293 460 3354 adhibeant
475 3290 765 3368 exquisitissimam,
784 3300 890 3351 tamen
912 3293 1096 3353 urbaniores
1117 3295 1264 3356 inducere

177 3409 336 3465 personas,
354 3399 387 3449 ut
403 3389 527 3449 fucatus
543 3387 687 3447 videatur
705 3387 756 3445 ille
777 3396 939 3463 pastorum
961 3409 1072 3462 serm0,
1094 3393 1268 3454 sententiae

175 3486 254 3546 nihil
277 3487 317 3546 ad
340 3486 503 3546 veritatem
526 3483 792 3544 accommodatae.
836 3485 929 3561 Quod
950 3486 1075 3563 quidem
1099 3488 1171 3548 licet
1192 3510 1266 3550 vere

175 3581 270 3642 Bioni
294 3582 489 3659 Moschoque
510 3580 659 3651 obiciant,
682 3580 755 3638 licet
777 3579 871 3639 etiarn
894 3581 1043 3659 Vergilia
1066 3603 1263 3662 nequaquam

175 3692 307 3756 possunt
322 3679 500 3738 Theocrito.
545 3677 594 3736 Illi
610 3677 704 3748 enim,
721 3686 754 3736 ut
770 3677 864 3753 hujus
878 3677 1062 3752 imitatores
1078 3681 1122 3740 sic
1140 3684 1268 3744 omnino

176 3777 245 3837 aliis
268 3777 299 3835 in
323 3777 417 3836 rebus
438 3775 573 3846 versati;
607 3774 668 3844 hic,
694 3775 763 3851 ipsa
787 3775 818 3833 in
845 3775 952 3836 Sicilia
979 3786 1081 3849 natus,
1108 3779 1162 3838 diu
1187 3781 1267 3841 vixit

176 3895 273 3952 prope
298 3876 329 3934 in
353 3883 523 3949 conspectu
543 3891 702 3949 pecorum,
726 3871 873 3949 frequens
894 3873 1019 3933 auditor
1039 3874 1173 3949 fistulae,
1196 3898 1267 3955 pas-

174 3982 288 4044 torum,
306 3982 339 4031 ut
354 3972 399 4031 ita
412 3971 526 4042 dicam,
542 3970 646 4029 socius
661 3989 698 4027 ac
713 3969 887 4041 familiaris
904 3970 955 4029 hic
976 3972 1121 4049 denique,
1139 3977 1266 4037 tametsi

174 4073 360 4131 adulescens
374 4069 406 4127 in
421 4067 524 4126 insula
539 4067 605 4127 Coo
621 4065 787 4137 habitavit,
803 4067 901 4126 multa
917 4068 1020 4129 senior
1032 4070 1155 4146 scripsit
1171 4074 1264 4135 Alex·

171 4169 310 4239 andriae,
326 4163 530 4225 nihilominus
545 4173 651 4223 tamen
666 4181 837 4239 germanus
853 4173 920 4224 erat
936 4165 1130 4243 Syracosius.
1250 4173 1251 4177 ’

199 3066 240 3114 De
247 3065 444 3129 reprehension-

173 3130 232 3179 ibus
244 3131 434 3179 bucolicorum.
