2916 4884
722 367 742 430 4

187 532 286 610 epicis
301 540 368 592 tum
383 533 415 591 in
430 531 536 611 lyricis
551 532 717 610 insignem,
733 532 815 592 inter
833 543 980 610 poemata
1003 554 1060 594 sua
1081 533 1213 594 naenias
1234 533 1278 592 in-

189 628 316 689 duxisse
338 637 368 688 et
390 638 502 688 cantus
523 630 711 706 agrestium;
734 630 836 690 ferunt
858 651 983 708 quoque
1004 631 1159 708 ejusmodi
1181 630 1281 690 multa

189 726 221 785 in
250 727 354 786 mimis
383 727 479 786 fuisse
509 729 682 804 Sophronis
711 739 805 805 atque
835 729 1036 805 Epicharmi3
1073 731 1128 788 sed
1158 749 1197 788 an
1223 730 1280 788 hos

188 823 307 883 idcirco
322 824 379 884 rite
395 824 548 895 dicamus,
570 824 615 884 uti
637 825 765 902 quidam
789 834 991 902 putaverunt,
1014 847 1139 886 carmen
1161 826 1279 886 bucoli-

189 941 262 980 cum
276 921 444 992 invenisse,
460 921 491 980 id
507 921 608 993 valde,
625 942 703 994 reor,
720 922 859 982 dubitari
881 931 994 998 potest.
1037 923 1121 1000 Quin
1144 943 1183 982 ne
1197 923 1280 981 'illud

190 1019 327 1095 quidem,
353 1028 509 1096 quantum
533 1019 574 1079 ad
600 1019 630 1078 id
657 1039 757 1096 genus
779 1019 976 1080 fundandum
1000 1031 1030 1080 et
1054 1022 1280 1080 exstruendum

137 1160 140 1164 .
189 1116 323 1194 quisque
338 1117 487 1188 conferat,
502 1117 578 1176 satis
593 1127 789 1195 compertum
806 1112 974 1188 habemus;
995 1119 1053 1178 hoc
1065 1127 1171 1178 tamen
1187 1139 1281 1179 nemo

189 1234 252 1274 non
267 1215 391 1286 fatetur,
408 1214 551 1300 bucolica
568 1214 599 1273 in
613 1214 714 1275 lucem
731 1216 899 1293 protulisse
914 1215 1129 1276 Theocritum.

196 1347 198 1350 -
251 1313 283 1370 Is
298 1311 392 1384 enim,
407 1312 535 1372 tametsi
550 1311 763 1372 bucolicorum
785 1334 847 1373 non
869 1313 1034 1374 habendus
1056 1323 1103 1373 est
1124 1314 1279 1388 inventor,

189 1410 279 1470 rudia
302 1420 406 1469 tamen
429 1410 483 1469 illa
503 1418 534 1469 et
556 1410 764 1487 incomposita
784 1411 923 1471 carmina
945 1412 1065 1488 primus
1086 1412 1117 1471 in
1139 1413 1280 1472 ordinem

191 1508 333 1579 adduxit,
352 1516 417 1566 tam
439 1506 608 1567 artificiose
629 1509 749 1587 redegit
771 1511 811 1569 ad
833 1500 1125 1582 rationem,'0mnia
1146 1511 1281 1588 denique

191 1605 235 1663 sic
250 1603 419 1682 perpolivit
434 1623 472 1663 ac
487 1604 630 1676 confecit,
647 1613 681 1664 ut
699 1625 759 1664 non
783 1606 877 1666 modo
898 1605 1001 1678 fuerit,
1023 1608 1107 1684 quod
1125 1607 1280 1684 judicium

190 1710 238 1760 est
268 1699 466 1779 Quintiliani,
492 1700 687 1760 admirabilis
711 1701 744 1760 in
769 1722 826 1762 suo
851 1721 975 1779 genere,
1002 1704 1058 1763 sed
1085 1704 1178 1782 longe
1202 1705 1280 1764 citra

190 1798 350 1857 aemulum
370 1805 402 1857 et
422 1797 534 1857 ceteris
554 1817 655 1873 paene
674 1797 725 1857 lex
745 1819 782 1858 ac
802 1819 914 1860 norma
933 1801 1100 1860 scribendi.

412 1959 442 1971 Η
530 1895 629 1955 Pauci
657 1896 785 1973 quidem
813 1897 977 1976 utriusque
1004 1898 1130 1976 linguae
1157 1909 1281 1977 praeter

221 1959 444 2090 quietsperpptcohcr
469 2013 540 2052 eum
556 1994 743 2055 exstiterunt
756 1995 787 2053 in
803 1997 862 2055 hoc
873 2015 985 2072 genere
996 1995 1150 2073 insignes;
1168 2018 1281 2075 nempe

468 2111 486 2150 e
511 2092 643 2152 Graecis
666 2093 723 2151 soli
747 2093 914 2171 (quantum
937 2113 995 2171 ego
1018 2094 1144 2171 quidem
1169 2095 1280 2175 sciam)

190 2188 272 2248 Bion
295 2197 326 2249 et
351 2188 512 2261 Moschus,
536 2189 696 2249 Theocriti
721 2199 852 2267 uterque
874 2190 1031 2261 imitator;
1064 2192 1281 2251 Romanorum

187 2286 346 2363 Vergilius
360 2286 491 2364 primuS,
508 2295 603 2362 atque
618 2306 710 2357 unuS,
727 2295 761 2346 ut
776 2287 821 2346 ita
836 2286 949 2358 dicam,
968 2287 1127 2348 mentione
1145 2288 1259 2366 dignus
1272 2308 1279 2359 ;

189 2383 301 2443 deinde
331 2384 425 2460 longo
453 2392 525 2460 post
553 2383 719 2442 intervallo
747 2384 900 2461 temporis
928 2385 994 2444 nati
1023 2385 1061 2444 T.
1091 2385 1282 2462 Calpurnius

189 2482 315 2544 Siculus
330 2491 360 2542 et
378 2484 422 2541 M.
438 2482 586 2542 Aurelius
602 2482 822 2542 Nemesianus
862 2483 1004 2561 Quorum
1021 2484 1161 2543 omnium
1178 2483 1280 2544 Theo-

187 2579 295 2652 critus,
312 2587 346 2639 ut
361 2579 415 2656 qui
430 2577 520 2638 facile
535 2579 681 2655 princeps
696 2579 886 2655 apparuerit,
900 2600 962 2640 non
978 2581 1079 2640 solum
1096 2581 1282 2659 aequalibus

188 2675 263 2748 suis,
279 2677 455 2748 sedetiam,
470 2684 504 2736 ut
520 2675 706 2752 supradixi,
723 2675 950 2754 posterioribus
965 2677 1023 2737 fuit
1038 2678 1210 2756 exemplar.

251 2775 322 2834 Hos
339 2773 435 2853 igitur
452 2773 648 2851 propositum
671 2783 717 2834 est
739 2774 816 2834 mihi
838 2774 978 2854 singulos
999 2777 1146 2850 tractare,
1163 2778 1217 2837 sed
1237 2777 1282 2837 ita

188 2880 306 2944 tamen,
322 2880 357 2931 ut
371 2871 517 2950 reliquos,
534 2890 721 2949 quacunque
740 2891 790 2931 res
811 2882 928 2949 poscet,
950 2873 991 2934 ad
1012 2873 1280 2950 comparationem

188 2969 483 3047 contentionemque
497 2968 663 3046 proferam.
696 2969 758 3030 Sed
773 2978 944 3048 antequam
958 2970 990 3030 in
1005 2971 1166 3032 Theocriti
1180 2981 1280 3033 artem

188 3068 356 3146 ingrediar,
372 3067 506 3127 dicenda
521 3075 594 3127 sunt
610 3087 712 3144 pauca
727 3067 765 3127 de
779 3067 856 3144 ipsis
871 3068 1077 3145 temporibus·
1108 3070 1194 3129 Nam
1209 3090 1281 3130 curn

189 3164 461 3243 qualibuscunque
476 3164 684 3241 scriptoribus
699 3164 805 3242 magni
827 3165 904 3226 solet
926 3186 996 3226 esse
1017 3167 1168 3227 momenti
1188 3187 1279 3228 suum

189 3263 303 3340 cuique
328 3262 498 3335 saeculum,
523 3271 591 3322 tum
615 3262 647 3321 in
672 3263 895 3323 Alexandrinis
918 3263 1087 3341 praecipue
1110 3265 1150 3324 ad
1172 3266 1281 3342 poesin

188 3360 275 3419 illam
296 3360 494 3419 formandam
515 3379 612 3437 quam
633 3359 804 3437 plurimum
827 3360 887 3419 hoc
909 3361 1050 3438 suspicor
1071 3362 1224 3423 attulisse.

530 3457 589 3516 Illa
614 3457 762 3516 nimirum
787 3466 884 3531 aetas,
910 3467 945 3518 ut
973 3459 1120 3520 maximis
1144 3460 1281 3521 distenta

468 3553 568 3627 bellis,
581 3554 624 3614 ita
640 3554 672 3613 in
687 3554 801 3614 litteris
813 3563 879 3615 erat
891 3575 1045 3633 perquam
1060 3557 1175 3618 sterilis
1187 3567 1282 3636 atque

469 3652 578 3713 effeta:
614 3673 677 3712 non
703 3653 779 3730 jam,
808 3662 843 3713 ut
871 3662 955 3727 ante,
984 3655 1130 3714 Athenae
1155 3657 1282 3734 copiam

189 3752 393 3813 effundebant
403 3751 672 3828 philosophorum,
686 3760 857 3823 oratorum,
868 3761 1046 3828 poetarum3
1064 3753 1182 3814 amissa
1192 3754 1281 3814 liber·

189 3859 254 3912 tate
266 3850 357 3928 periit
371 3849 476 3922 etiam,
490 3858 524 3909 ut
540 3869 635 3926 saepe
649 3848 694 3920 fit,
706 3849 809 3909 omnis
821 3850 996 3910 studiorum
1009 3852 1111 3923 ardor,
1123 3852 1216 3928 periit
1229 3852 1283 3914 illa

189 3948 238 4008 vis
252 3947 379 4025 ingenii,
396 3966 478 4025 quae
493 3946 637 4006 Athenas
651 3946 792 4006 omniurn
814 3946 1014 4007 laudatarum
1037 3947 1152 4009 artium
1174 3949 1282 4008 inven-

189 4045 284 4106 trices
298 4054 328 4105 et
344 4045 435 4122 quasi
450 4053 596 4121 parentes
611 4044 799 4104 reddiderat.
844 4045 957 4122 Neque
973 4044 1004 4105 id
1020 4045 1148 4123 quidem
1167 4046 1283 4106 mirum

188 4142 333 4216 arbitror,
345 4161 417 4201 cum
430 4140 610 4201 Alexander
620 4159 730 4202 omnes
740 4148 850 4222 gentes
861 4161 935 4203 cum
945 4141 1078 4204 victoria
1089 4151 1281 4226 peragraret,

222 3525 263 3572 De
274 3521 410 3571 Theocriti

222 3588 392 3653 temporibus.
