2916 4884
734 396 751 460 5

192 579 294 637 paene
308 560 340 618 in
356 561 539 620 servitutem
555 561 669 621 liberas
688 561 841 623 Graeciae
863 561 1009 622 civitates
1030 562 1194 640 redigeret,
1210 583 1283 622 cum

192 657 328 734 denique
344 668 429 718 totus
443 658 507 718 lere
522 659 606 719 orbis
622 671 774 719 terrarum
790 659 822 718 in
838 660 933 718 armis
951 671 1137 719 esset—non
1156 660 1281 734 mirum,

192 754 332 830 inquam,
346 755 372 813 si
387 763 508 814 tantam
525 756 606 814 inter
620 758 745 816 turbam
761 765 791 815 et
806 757 1019 816 confusionem
1036 777 1137 816 rerum
1154 756 1282 816 omnino

192 853 305 911 Musae
327 853 489 913 siluerunt.

250 937 478 1010 Verumtamen
509 951 611 1027 potuit
640 953 733 1011 etiam
764 961 839 1010 tunc
868 951 944 1024 fieri,
974 952 999 1011 si
1029 953 1122 1013 modo
1150 953 1281 1029 imperio

190 1047 332 1104 omnium
354 1048 494 1123 gentium
518 1048 690 1107 constituto
716 1048 908 1107 diuturnitas
933 1050 1019 1125 pacis
1044 1051 1141 1109 otium
1167 1050 1278 1109 confir-

192 1152 317 1215 masset,
335 1152 377 1214 ut,
393 1163 465 1220 rege
481 1144 550 1221 ipso
564 1145 686 1204 fautore
701 1165 738 1204 ac
753 1146 905 1222 praeside,
924 1147 1026 1206 studia
1048 1147 1223 1207 litterarum
1247 1149 1279 1208 in

190 1242 324 1301 Graecia
341 1243 574 1302 reviviscerent.
618 1244 681 1304 Sed
696 1244 747 1302 ille
763 1252 905 1303 mortuus
920 1245 1000 1304 hanc
1016 1245 1176 1321 speculam
1191 1267 1277 1322 prae·

189 1340 274 1411 cidit,
290 1339 396 1400 omnia
411 1342 448 1400 de
463 1341 585 1420 integro
600 1341 782 1418 permiscuit
797 1361 834 1400 ac
851 1341 1001 1400 turbavit.
1044 1342 1128 1401 Tum
1149 1343 1276 1401 demum

468 1459 505 1497 ex
532 1449 596 1498 tam
617 1439 763 1498 universa
784 1437 919 1515 caligine
937 1438 1057 1498 exstitit
1075 1439 1277 1513 Alexandria,

468 1555 551 1596 nova
569 1536 744 1595 litterarum
765 1544 907 1612 patrona,
922 1535 1087 1596 doctorum
1108 1546 1219 1614 portus
1240 1557 1278 1596 ac

189 1632 376 1710 perfugium.
429 1633 504 1692 Huc
532 1633 671 1710 undique
699 1654 808 1693 omnes
836 1632 961 1704 eruditi,
989 1653 1098 1693 omnes
1125 1634 1278 1712 cujusque

189 1729 266 1789 artis
281 1730 423 1803 studiosi,
441 1731 480 1789 ad
498 1731 713 1790 Ptolemaeum
730 1750 834 1808 regem
857 1729 1085 1790 confluxerunt.
1129 1731 1162 1790 Is
1183 1732 1276 1806 enim,

188 1828 332 1886 aemulus
357 1828 456 1905 patris
485 1828 543 1899 sui,
574 1829 684 1887 ardore
713 1829 851 1906 quodam
879 1828 1054 1888 incredibili
1082 1830 1277 1906 provehebat

186 1924 316 1996 litteraS,
332 1925 549 1985 doctissimum
566 1945 723 2003 quemque
738 1925 886 2001 praemiis
903 1935 998 2001 atque
1016 1925 1186 1985 honoribus
1208 1947 1276 2003 pro-

187 2023 387 2099 sequebatur,
402 2032 449 2082 tot
464 2024 599 2101 denique
620 2023 705 2082 viros
726 2023 812 2082 omni
833 2022 976 2082 doctrina
999 2023 1216 2083 ornatissimos
1237 2025 1277 2083 ad

187 2139 220 2178 se
235 2119 376 2191 adduxit,
392 2130 468 2197 quot
483 2141 638 2198 nusquam
655 2140 717 2180 uno
739 2120 913 2197 eodemque
934 2127 1075 2196 tempore
1096 2122 1277 2198 congregati

187 2228 270 2276 sunt.
315 2218 378 2277 Sed
393 2218 524 2277 accessit
542 2218 592 2276 his
613 2218 796 2288 aulicorum,
819 2217 950 2290 vatium,
973 2218 1176 2298 Judaeorum,
1199 2219 1276 2277 mili-

187 2323 265 2385 tum,
298 2324 518 2386 mercatorum,
555 2335 651 2392 prope
687 2313 909 2374 inenarrabilis,
934 2333 1115 2386 concursus,
1144 2323 1179 2374 ut
1207 2335 1277 2375 eam

186 2411 307 2483 urbem,
324 2411 550 2489 magnitudinis
565 2432 664 2488 paene
679 2411 830 2484 infinitae,
846 2411 971 2471 luxuria
987 2431 1116 2488 prorsus
1136 2403 1276 2473 diffluen-

186 2514 260 2580 tem,
277 2508 357 2568 adeo
371 2508 511 2570 omnium
527 2508 690 2568 hominum
706 2509 861 2581 refertam,
881 2508 1095 2585 spectaculum
1117 2510 1276 2586 quoddam

185 2603 297 2683 ingens
312 2625 349 2665 ac
364 2606 456 2683 quasi
471 2606 568 2666 totius
583 2605 668 2666 orbis
683 2616 855 2666 mercatum
880 2606 980 2683 magis
1001 2626 1097 2684 quam
1119 2605 1276 2666 officinam

185 2702 299 2762 artium
315 2702 588 2780 litteratorumque
603 2703 794 2763 domicilium
813 2703 953 2763 dixisses.
996 2705 1277 2766 Verumenimvero

184 2797 216 2855 hi
226 2797 296 2874 ipsi,
307 2799 454 2876 quamvis
464 2799 573 2870 critici,
583 2805 766 2880 λογογράφοι,
776 2798 972 2878 grammatici
982 2819 1078 2876 prope
1089 2799 1275 2878 singulares,

184 2893 216 2952 in
241 2894 394 2972 exemplis
420 2895 581 2956 veteribus
605 2896 768 2956 imitandis
793 2897 911 2956 nemini
936 2917 998 2957 non
1027 2916 1121 2975 pares
1148 2896 1275 2973 fuerint,

184 3000 352 3051 tameneo
378 2992 484 3052 divino
507 2992 597 3069 quasi
621 2992 749 3066 adflatu,
774 2993 828 3072 qui
853 3002 901 3054 est
924 3013 1120 3054 summorum
1145 3014 1276 3072 operum

184 3089 269 3148 solus
290 3097 479 3165 procreator,
498 3089 611 3149 mirum
634 3090 665 3149 in
688 3092 818 3151 modum
839 3112 949 3152 omnes
970 3101 1146 3152 caruerunt.
1190 3094 1275 3153 Nam

183 3196 214 3246 et
229 3186 349 3247 abierat
365 3187 418 3246 illa
433 3187 465 3246 in
480 3187 641 3264 republica
656 3189 787 3249 libertas
804 3210 885 3267 quae
907 3189 1049 3249 Graecos
1070 3190 1102 3248 in
1125 3191 1273 3264 historiis,

183 3283 215 3342 in
240 3282 364 3356 sabulis,
388 3283 420 3342 in
446 3284 600 3344 rhetorice
621 3287 910 3362 praestantissimos
932 3306 969 3346 ac
994 3307 1095 3363 paene
1123 3288 1274 3348 caelestes

183 3380 339 3454 effecerat,
358 3382 424 3442 sine
445 3402 517 3460 qua,
535 3403 573 3442 ne
588 3383 700 3462 longus
721 3383 806 3457 fiam,
823 3405 884 3444 non
900 3385 993 3445 modo
1008 3405 1070 3445 non
1086 3385 1225 3462 perlecta
1240 3395 1271 3447 et

183 3479 329 3538 absoluta
340 3499 445 3556 opera,
459 3481 514 3540 sed
529 3480 608 3539 nihil
619 3481 683 3540 fere
695 3482 824 3560 dignum
837 3483 988 3542 memoria
1000 3482 1078 3542 solet
1093 3484 1275 3561 excogitari.

183 3575 266 3636 Tum
282 3585 443 3653 praeterea
460 3578 585 3638 sublata
602 3579 747 3639 libertate
768 3579 937 3641 tollebatur
958 3589 989 3641 et
1010 3581 1112 3658 prisca
1134 3582 1273 3660 relligio;

182 3674 448 3751 quemadmodum
483 3685 550 3736 erat
586 3676 699 3736 civitas
734 3676 950 3751 barbarorum,
980 3677 1024 3738 ita
1058 3678 1183 3739 barbari
1212 3682 1272 3755 dei,

182 3772 421 3849 superstitiones
436 3793 537 3833 novae
554 3793 591 3832 ac
606 3774 716 3834 molles
737 3774 984 3848 invehebantur;
1007 3785 1101 3854 poeta
1123 3777 1190 3854 ipse
1211 3799 1274 3840 non

179 3868 256 3946 jam,
268 3878 302 3929 ut
314 3871 399 3948 apud
412 3871 633 3945 Athenienses
646 3872 778 3932 deorum
793 3872 944 3946 minister,
957 3883 1143 3952 praeceptor
1154 3878 1273 3954 populi,

182 3967 238 4027 sed
259 3967 385 4046 tyranni
407 3977 493 4028 totus
515 3969 613 4029 cliens
634 3978 729 4047 atque
750 3971 905 4031 adulator.

243 4063 326 4124 Cum
341 4065 436 4142 igitur
451 4085 501 4126 res
516 4065 561 4126 ita
582 4086 615 4126 se
636 4066 798 4141 haberent,
821 4088 883 4128 non
905 4077 981 4140 tam,
1003 4076 1038 4128 ut
1059 4069 1178 4145 opinor,
1201 4092 1273 4132 con·

182 4162 341 4222 temnendi
356 4175 429 4223 sunt
444 4164 550 4237 ceteri,
571 4184 667 4242 quam
689 4165 909 4225 admirandum
932 4165 1000 4242 ejus
1022 4166 1081 4225 viri
1102 4167 1275 4246 ingenium,

182 4258 236 4337 qui
258 4259 355 4320 tantis
375 4280 413 4320 ex
437 4260 575 4321 tenebris
596 4261 678 4322 inter
699 4282 809 4322 omnes
830 4283 912 4324 unus
933 4263 1078 4326 eminuit.

206 1503 246 1551 De
258 1501 448 1552 Alexandrinis.
