2916 4884
723 418 761 463 12

197 585 272 644 Non
287 593 373 643 caret
390 603 466 642 sane
480 583 583 661 gratia
597 581 734 660 quadam
757 581 826 658 ejus
847 580 959 652 oratio,
983 589 1122 640 ceterum
1145 589 1177 639 et
1199 579 1294 640 nimis

195 682 305 742 limata
327 689 375 741 est
397 691 428 742 et
450 679 639 740 calamistris
660 677 789 738 omnino
810 677 953 737 molesta.

537 776 619 837 Bion
640 785 758 848 autem,
783 775 837 854 qui
861 775 958 835 etiam
981 776 1131 853 pauciora
1156 775 1293 852 reliquit,

476 873 673 934 hauddubie
687 872 910 950 praestantior,
922 881 1109 951 tantamque
1124 873 1205 933 inter
1220 892 1295 933 suos

196 972 348 1050 aequales
363 973 479 1031 famam
494 979 671 1044 consectus,
693 980 728 1031 ut
750 971 789 1030 de
810 991 847 1031 eo
867 971 918 1031 vel
933 991 1047 1031 canere
1061 971 1194 1042 licuerit,
1211 971 1295 1048 quod

200 1070 353 1129 Moschus
367 1068 399 1127 in
414 1067 526 1128 eodem
539 1067 593 1127 illo
608 1079 763 1144 poemate,
780 1069 872 1145 cujus
886 1087 984 1145 supra
998 1068 1191 1129 mentionem
1205 1068 1275 1140 feci,

229 843 272 892 De
288 841 382 892 Bione.

392 1184 445 1234 ὅττι
456 1183 517 1233 Βίων
527 1184 643 1234 τέθνηκεν
654 1187 666 1233 ὁ
678 1184 796 1244 adactor,
808 1185 862 1234 ὅττι
874 1183 919 1236 σὺν
930 1185 995 1245 αὐτῷ

394 1267 433 1316 καὶ
442 1267 471 1316 τὸ
482 1266 556 1328 μέλος
566 1267 673 1325 τέθνακε,
689 1268 727 1318 rral
739 1270 816 1317 ὤλετο
829 1268 905 1329 Δωρὶς
917 1267 993 1317 ἀοιδά.

200 1363 349 1441 Eleganti
364 1374 448 1425 certe
461 1363 515 1424 filo
529 1363 598 1438 fuit,
614 1366 756 1425 oratione
774 1365 939 1436 concinna,
960 1362 1156 1424 mollioribus
1170 1371 1294 1422 senten·

199 1461 271 1532 tiis3
294 1461 378 1521 idem
392 1462 425 1520 in
439 1461 579 1521 numeris
593 1482 727 1522 canorus
748 1483 785 1522 ac
805 1463 916 1534 facilis,
933 1463 965 1521 in
983 1461 1188 1538 dispositione
1203 1460 1297 1536 plane
1379 1495 1381 1498 ·

199 1559 323 1620 artifex.
366 1561 486 1620 Verum
514 1560 575 1632 hic,
605 1579 787 1637 quanquam
817 1559 896 1620 satis
920 1567 969 1619 est
991 1559 1022 1618 in
1044 1558 1204 1636 plerisque
1227 1577 1296 1633 pro·

198 1655 324 1728 babilis,
352 1675 421 1715 raro
446 1664 551 1716 tamen
576 1656 737 1733 adsurgit;
770 1665 801 1716 et
827 1677 900 1716 cum
925 1656 1034 1733 procul
1061 1676 1081 1714 a
1108 1676 1142 1714 se
1170 1653 1297 1732 reliquit

202 1753 382 1825 Moschum,
397 1761 464 1811 tum
480 1772 498 1811 a
514 1752 683 1812 Theocrito
698 1761 729 1812 et
743 1762 811 1812 arte
826 1761 857 1812 et
872 1753 977 1813 indole
992 1761 1167 1828 superatur.

234 1915 275 1963 De
288 1913 379 1963 Bionis
390 1920 416 1963 et
542 1849 636 1927 Quod
656 1850 697 1908 ad
719 1849 885 1909 materiam
903 1848 1050 1926 pertinet,
1074 1848 1202 1908 minime
1223 1855 1297 1908 sunt

236 1980 341 2028 Moschi
349 1978 468 2028 mam
482 1946 514 2005 hi
529 1945 734 2006 Theocritum
751 1946 862 2006 secuti.
907 1948 1055 2024 Namque
1072 1947 1104 2005 in
1120 1945 1169 2004 his
1184 1945 1296 2004 carmi-

482 2043 576 2103 nibus
601 2042 655 2102 vix
680 2044 851 2121 quicquam
874 2053 923 2104 est
946 2043 1105 2120 pastorale
1129 2042 1180 2102 vel
1204 2042 1297 2102 rusti-

200 2161 295 2200 cum:
328 2141 384 2200 sed
412 2140 518 2200 omnia
547 2139 610 2200 fere
638 2148 693 2199 aut
721 2141 752 2199 in
781 2139 905 2200 fabellis
930 2140 1065 2200 heroicis
1092 2146 1299 2199 versantur—

202 2238 320 2319 (qualia
342 2247 414 2297 sunt
437 2237 490 2296 illa
512 2238 551 2298 de
572 2247 662 2314 rapta
685 2239 823 2314 Europa,
845 2237 884 2297 de
907 2237 1030 2297 Achille
1054 2237 1136 2296 inter
1161 2235 1299 2314 virgines

201 2335 313 2407 celato,
343 2335 393 2394 vel
423 2335 571 2411 Megarae
599 2342 630 2393 et
659 2334 832 2393 Alcmenae
859 2333 1032 2412 querella);
1069 2340 1124 2391 aut
1153 2331 1300 2391 amatorii

201 2431 368 2508 cujusdam
395 2439 469 2489 sunt
494 2430 627 2508 generis
651 2429 767 2506 quibus
789 2430 973 2506 plerumque
995 2429 1143 2489 lasciviae
1171 2448 1208 2488 ac
1236 2429 1301 2488 doli

204 2527 371 2605 Cupidinis
400 2535 431 2586 et
459 2526 521 2586 alia
546 2525 727 2603 hujusmodi
752 2537 932 2585 narrantur.
975 2527 1023 2584 Ac
1048 2527 1149 2585 multa
1173 2525 1301 2602 quidem

199 2625 349 2686 videntur
363 2645 381 2684 a
396 2624 511 2683 statuis
525 2632 556 2683 et
571 2623 703 2700 picturis
719 2623 855 2683 mutuati
870 2643 950 2695 esse,
967 2631 1001 2682 ut
1016 2643 1090 2682 cum
1105 2622 1187 2682 Bion
1203 2623 1299 2682 Amo·

203 2742 268 2783 rem
290 2720 366 2781 facit
388 2719 457 2780 avis
479 2719 625 2779 indutum
649 2719 753 2797 specie
775 2719 947 2797 plagasque
965 2719 1099 2797 aucupis
1118 2719 1300 2796 fugientem,

203 2820 254 2880 vel
270 2818 445 2896 Cupidines
460 2816 545 2876 circa
559 2817 784 2876 moribundum
799 2817 936 2876 Adonim
952 2816 1096 2877 volitare.

545 2914 648 2973 Venio
663 2933 747 2973 nunc
762 2914 802 2972 ad
818 2912 1004 2991 Vergilium,
1019 2913 1073 2990 qui
1095 2913 1127 2972 in
1150 2913 1302 2975 bucolicis

485 3031 549 3070 non
564 3011 664 3071 solum
681 3010 837 3070 secundus
857 3009 912 3068 sed
934 3009 1059 3087 propior
1080 3009 1182 3087 primo
1204 3030 1300 3087 quam

206 3110 301 3172 tertio
334 3109 529 3179 aestimatur,
558 3127 630 3166 cum
659 3106 788 3184 reliquis
816 3105 964 3166 videlicet
992 3107 1023 3166 in
1051 3127 1243 3185 unaquaque
1270 3127 1303 3168 re

205 3208 351 3279 excellat,
365 3207 398 3265 in
412 3205 571 3265 nonnullis
586 3225 625 3264 ne
640 3204 809 3264 Theocrito
829 3204 958 3281 quidem
978 3204 1020 3264 sit
1040 3205 1188 3264 deterior.
1232 3204 1301 3265 Nec

208 3325 282 3366 vero
297 3325 348 3364 me
362 3305 511 3381 praeterit
526 3323 597 3361 eum
612 3302 644 3360 in
661 3303 719 3361 hoc
734 3321 849 3380 genere
863 3302 904 3361 ad
919 3301 1128 3361 imitationem
1142 3302 1304 3362 Theocriti

209 3424 243 3464 se
257 3411 358 3463 totum
374 3399 555 3470 contulisse,
579 3409 686 3458 tamen
708 3419 770 3469 non
792 3399 872 3471 ideo,
895 3408 930 3458 ut
952 3400 1081 3476 quidam
1103 3408 1303 3473 censuerunt,

208 3500 374 3561 habendus
388 3507 436 3558 est
452 3495 694 3574 reprehensione
715 3496 841 3574 dignus.
885 3497 969 3555 Nam
992 3504 1118 3556 tantum
1139 3498 1248 3556 aberat
1270 3507 1305 3558 ut

208 3597 344 3657 imitatio
360 3597 555 3657 Graecorum
578 3592 742 3664 RomaniS,
758 3593 812 3670 qui
833 3601 909 3652 tunc
931 3601 1032 3658 erant.
1055 3592 1246 3670 displiceret,
1270 3603 1304 3654 ut

210 3696 306 3756 etiam
329 3695 471 3753 hortetur
493 3693 519 3750 F
521 3691 670 3750 laccus-

238 2983 279 3030 De
290 2978 415 3042 Vergilio.

743 3817 792 3852 vos
803 3803 964 3868 exemplaria
976 3805 1081 3854 Graeca

469 3893 599 3935 nocturna
611 3892 714 3934 versate
726 3899 813 3942 manu,
827 3892 929 3934 versate
944 3885 1046 3935 diurna.

213 3990 305 4051 Adde
322 3988 406 4066 quod
427 3993 462 4046 ut
483 3985 515 4044 in
536 4003 649 4060 campo
670 3991 735 4043 tam
757 3990 902 4060 angust0,
925 3983 1003 4041 nihil
1025 4003 1063 4043 ea
1084 3984 1308 4061 suppeditante

134 4142 136 4148 .
212 4106 316 4149 rerum
339 4084 429 4157 silva,
452 4101 534 4159 quae
556 4091 682 4158 praesto
703 4089 751 4140 est
773 4079 871 4156 epicis
892 4088 923 4140 et
944 4080 1050 4158 lyricis
1071 4089 1102 4140 et
1128 4080 1306 4141 fabularum

210 4181 429 4261 scriptoribus,
444 4198 573 4240 necesse
587 4187 654 4238 erat
672 4176 870 4256 aliquantum
893 4177 1060 4238 dumtaxat
1081 4178 1225 4255 vestigiis
1246 4178 1308 4256 pri-
