<?xml version="1.0" encoding="UTF-8"?>
<!DOCTYPE html PUBLIC "-//W3C//DTD XHTML 1.0 Transitional//EN"
    "http://www.w3.org/TR/xhtml1/DTD/xhtml1-transitional.dtd">
<html xmlns="http://www.w3.org/1999/xhtml" xml:lang="en" lang="en">
 <head>
  <title>
</title>
<meta http-equiv="Content-Type" content="text/html;charset=utf-8" />
  <meta name='ocr-system' content='tesseract 3.04.00' />
  <meta name='ocr-capabilities' content='ocr_page ocr_carea ocr_par ocr_line ocrx_word'/>
</head>
<body>
  <div class='ocr_page' id='page_1' title='image "./carminisbucolic00lloygoog_0018.png"; bbox 0 0 2916 4884; ppageno 0'>
   <div class='ocr_carea' id='block_1_1' title="bbox 698 401 736 464">
    <p class='ocr_par' dir='ltr' id='par_1_1' title="bbox 698 401 736 464">
     <span class='ocr_line' id='line_1_1' title="bbox 698 401 736 464; baseline 0 0"><span class='ocrx_word' id='word_1_1' title='bbox 698 401 736 464; x_wconf 90' lang='lat'><strong>13</strong></span> 
     </span>
    </p>
   </div>
   <div class='ocr_carea' id='block_1_2' title="bbox 170 565 1265 1040">
    <p class='ocr_par' dir='ltr' id='par_1_2' title="bbox 171 565 1264 841">
     <span class='ocr_line' id='line_1_2' title="bbox 171 565 1263 646; baseline 0.002 -18"><span class='ocrx_word' id='word_1_2' title='bbox 171 587 259 628; x_wconf 94' lang='lat' dir='ltr'><strong>orum</strong></span> <span class='ocrx_word' id='word_1_3' title='bbox 274 567 405 646; x_wconf 84' lang='lat' dir='ltr'>ingredi.</span> <span class='ocrx_word' id='word_1_4' title='bbox 449 565 546 644; x_wconf 81' lang='lat' dir='ltr'>Atqui</span> <span class='ocrx_word' id='word_1_5' title='bbox 561 587 601 627; x_wconf 90' lang='lat' dir='ltr'><strong>an</strong></span> <span class='ocrx_word' id='word_1_6' title='bbox 618 567 776 646; x_wconf 90' lang='lat' dir='ltr'><strong>Vergilius</strong></span> <span class='ocrx_word' id='word_1_7' title='bbox 791 576 874 628; x_wconf 88' lang='lat' dir='ltr'><strong>recte</strong></span> <span class='ocrx_word' id='word_1_8' title='bbox 895 569 955 629; x_wconf 92' lang='lat' dir='ltr'><strong>hoc</strong></span> <span class='ocrx_word' id='word_1_9' title='bbox 976 568 1081 642; x_wconf 88' lang='lat' dir='ltr'><strong>faciat,</strong></span> <span class='ocrx_word' id='word_1_10' title='bbox 1104 569 1157 629; x_wconf 88' lang='lat' dir='ltr'><strong>alii</strong></span> <span class='ocrx_word' id='word_1_11' title='bbox 1178 571 1263 630; x_wconf 90' lang='lat' dir='ltr'><strong>vide·</strong></span> 
     </span>
     <span class='ocr_line' id='line_1_3' title="bbox 171 664 1264 746; baseline 0.004 -22"><span class='ocrx_word' id='word_1_12' title='bbox 171 664 251 735; x_wconf 73' lang='lat' dir='ltr'><strong>rint,</strong></span> <span class='ocrx_word' id='word_1_13' title='bbox 276 665 318 737; x_wconf 95' lang='lat' dir='ltr'><strong>id,</strong></span> <span class='ocrx_word' id='word_1_14' title='bbox 341 665 426 743; x_wconf 95' lang='lat' dir='ltr'><strong>quod</strong></span> <span class='ocrx_word' id='word_1_15' title='bbox 448 664 554 741; x_wconf 90' lang='lat' dir='ltr'><strong>potius</strong></span> <span class='ocrx_word' id='word_1_16' title='bbox 575 665 788 742; x_wconf 90' lang='lat' dir='ltr'><strong>quaerendum</strong></span> <span class='ocrx_word' id='word_1_17' title='bbox 812 676 871 738; x_wconf 91' lang='lat' dir='ltr'><strong>est,</strong></span> <span class='ocrx_word' id='word_1_18' title='bbox 894 677 1051 743; x_wconf 91' lang='lat' dir='ltr'><strong>quatenus</strong></span> <span class='ocrx_word' id='word_1_19' title='bbox 1072 668 1264 746; x_wconf 88' lang='lat' dir='ltr'><strong>exemplaria</strong></span> 
     </span>
     <span class='ocr_line' id='line_1_4' title="bbox 171 762 1144 841; baseline 0.002 -19"><span class='ocrx_word' id='word_1_20' title='bbox 171 783 229 823; x_wconf 90' lang='lat' dir='ltr'><strong>sua</strong></span> <span class='ocrx_word' id='word_1_21' title='bbox 243 763 283 823; x_wconf 90' lang='lat' dir='ltr'><strong>sit</strong></span> <span class='ocrx_word' id='word_1_22' title='bbox 299 762 487 834; x_wconf 89' lang='lat' dir='ltr'><strong>aemulatus,</strong></span> <span class='ocrx_word' id='word_1_23' title='bbox 504 781 542 821; x_wconf 90' lang='lat' dir='ltr'><strong>ex</strong></span> <span class='ocrx_word' id='word_1_24' title='bbox 558 763 673 839; x_wconf 91' lang='lat' dir='ltr'><strong>quibus</strong></span> <span class='ocrx_word' id='word_1_25' title='bbox 688 771 863 839; x_wconf 92' lang='lat' dir='ltr'><strong>sequuntur</strong></span> <span class='ocrx_word' id='word_1_26' title='bbox 877 765 955 823; x_wconf 90' lang='lat' dir='ltr'><strong>satis</strong></span> <span class='ocrx_word' id='word_1_27' title='bbox 970 765 1144 841; x_wconf 85' lang='lat' dir='ltr'>apparebit.</span> 
     </span>
    </p>

    <p class='ocr_par' dir='ltr' id='par_1_3' title="bbox 170 859 1265 1040">
     <span class='ocr_line' id='line_1_5' title="bbox 232 859 1265 940; baseline 0.004 -20"><span class='ocrx_word' id='word_1_28' title='bbox 232 862 282 920; x_wconf 89' lang='lat' dir='ltr'><strong>De</strong></span> <span class='ocrx_word' id='word_1_29' title='bbox 296 859 490 920; x_wconf 87' lang='lat' dir='ltr'>carminibus</span> <span class='ocrx_word' id='word_1_30' title='bbox 505 868 612 919; x_wconf 89' lang='lat' dir='ltr'><strong>autem</strong></span> <span class='ocrx_word' id='word_1_31' title='bbox 634 859 765 938; x_wconf 86' lang='lat' dir='ltr'><strong>Vergilii</strong></span> <span class='ocrx_word' id='word_1_32' title='bbox 787 861 939 921; x_wconf 89' lang='lat' dir='ltr'><strong>nonnulla</strong></span> <span class='ocrx_word' id='word_1_33' title='bbox 960 863 1051 940; x_wconf 85' lang='lat' dir='ltr'><strong>quasi</strong></span> <span class='ocrx_word' id='word_1_34' title='bbox 1073 864 1265 940; x_wconf 88' lang='lat' dir='ltr'><strong>praeteriens</strong></span> 
     </span>
     <span class='ocr_line' id='line_1_6' title="bbox 170 957 1264 1040; baseline 0.003 -21"><span class='ocrx_word' id='word_1_35' title='bbox 170 957 254 1030; x_wconf 83' lang='lat' dir='ltr'><strong>dixi3</strong></span> <span class='ocrx_word' id='word_1_36' title='bbox 277 959 377 1018; x_wconf 89' lang='lat' dir='ltr'><strong>multa</strong></span> <span class='ocrx_word' id='word_1_37' title='bbox 391 958 459 1035; x_wconf 87' lang='lat' dir='ltr'><strong>jam</strong></span> <span class='ocrx_word' id='word_1_38' title='bbox 474 965 547 1016; x_wconf 91' lang='lat' dir='ltr'><strong>sunt</strong></span> <span class='ocrx_word' id='word_1_39' title='bbox 569 957 696 1017; x_wconf 89' lang='lat' dir='ltr'><strong>uberius</strong></span> <span class='ocrx_word' id='word_1_40' title='bbox 717 960 950 1035; x_wconf 87' lang='lat' dir='ltr'><strong>pertractanda.</strong></span> <span class='ocrx_word' id='word_1_41' title='bbox 994 961 1135 1021; x_wconf 91' lang='lat' dir='ltr'><strong>Primum</strong></span> <span class='ocrx_word' id='word_1_42' title='bbox 1158 961 1264 1040; x_wconf 88' lang='lat' dir='ltr'><strong>igitur,</strong></span> 
     </span>
    </p>
   </div>
   <div class='ocr_carea' id='block_1_3' title="bbox 204 1053 1264 1170">
    <p class='ocr_par' dir='ltr' id='par_1_4' title="bbox 204 1053 1264 1170">
     <span class='ocr_line' id='line_1_7' title="bbox 204 1053 1264 1170; baseline -0.018 -41"><span class='ocrx_word' id='word_1_43' title='bbox 204 1122 244 1170; x_wconf 88' lang='lat' dir='ltr'><strong>De</strong></span> <span class='ocrx_word' id='word_1_44' title='bbox 256 1128 341 1170; x_wconf 87' lang='lat' dir='ltr'><strong>metro</strong></span> <span class='ocrx_word' id='word_1_45' title='bbox 450 1062 485 1114; x_wconf 92' lang='lat' dir='ltr'><strong>ut</strong></span> <span class='ocrx_word' id='word_1_46' title='bbox 514 1053 546 1113; x_wconf 92' lang='lat' dir='ltr'><strong>in</strong></span> <span class='ocrx_word' id='word_1_47' title='bbox 574 1054 754 1126; x_wconf 91' lang='lat' dir='ltr'><strong>Theocrit0,</strong></span> <span class='ocrx_word' id='word_1_48' title='bbox 783 1075 802 1115; x_wconf 90' lang='lat' dir='ltr'><strong>a</strong></span> <span class='ocrx_word' id='word_1_49' title='bbox 829 1056 968 1116; x_wconf 90' lang='lat' dir='ltr'><strong>numeris</strong></span> <span class='ocrx_word' id='word_1_50' title='bbox 996 1058 1150 1118; x_wconf 86' lang='lat' dir='ltr'><strong>exordiar.</strong></span> <span class='ocrx_word' id='word_1_51' title='bbox 1202 1061 1264 1120; x_wconf 80' lang='lat' dir='ltr'><strong>His</strong></span> 
     </span>
    </p>
   </div>
   <div class='ocr_carea' id='block_1_4' title="bbox 148 1152 1265 1722">
    <p class='ocr_par' dir='ltr' id='par_1_5' title="bbox 203 1152 1264 1328">
     <span class='ocr_line' id='line_1_8' title="bbox 203 1152 1264 1250; baseline 0.007 -40"><span class='ocrx_word' id='word_1_52' title='bbox 203 1185 362 1250; x_wconf 84' lang='lat' dir='ltr'><strong>Vergiliano.</strong></span> <span class='ocrx_word' id='word_1_53' title='bbox 450 1152 549 1212; x_wconf 85' lang='lat' dir='ltr'><strong>utitur</strong></span> <span class='ocrx_word' id='word_1_54' title='bbox 574 1171 804 1229; x_wconf 87' lang='lat' dir='ltr'><strong>usquequaque</strong></span> <span class='ocrx_word' id='word_1_55' title='bbox 831 1153 945 1226; x_wconf 90' lang='lat' dir='ltr'><strong>herois,</strong></span> <span class='ocrx_word' id='word_1_56' title='bbox 975 1155 1171 1216; x_wconf 86' lang='lat' dir='ltr'><strong>Graecorum</strong></span> <span class='ocrx_word' id='word_1_57' title='bbox 1199 1156 1264 1217; x_wconf 87' lang='lat' dir='ltr'><strong>fere</strong></span> 
     </span>
     <span class='ocr_line' id='line_1_9' title="bbox 451 1249 1263 1328; baseline 0.006 -19"><span class='ocrx_word' id='word_1_58' title='bbox 451 1259 579 1309; x_wconf 90' lang='lat' dir='ltr'><strong>secutus</strong></span> <span class='ocrx_word' id='word_1_59' title='bbox 595 1249 757 1321; x_wconf 91' lang='lat' dir='ltr'><strong>rationem,</strong></span> <span class='ocrx_word' id='word_1_60' title='bbox 773 1250 829 1309; x_wconf 93' lang='lat' dir='ltr'><strong>sed</strong></span> <span class='ocrx_word' id='word_1_61' title='bbox 844 1250 889 1310; x_wconf 91' lang='lat' dir='ltr'><strong>ita</strong></span> <span class='ocrx_word' id='word_1_62' title='bbox 906 1260 940 1311; x_wconf 95' lang='lat' dir='ltr'><strong>ut</strong></span> <span class='ocrx_word' id='word_1_63' title='bbox 962 1253 1172 1328; x_wconf 89' lang='lat' dir='ltr'><strong>spondeorum</strong></span> <span class='ocrx_word' id='word_1_64' title='bbox 1195 1265 1263 1314; x_wconf 90' lang='lat' dir='ltr'><strong>tan-</strong></span> 
     </span>
    </p>

    <p class='ocr_par' dir='ltr' id='par_1_6' title="bbox 148 1345 1265 1722">
     <span class='ocr_line' id='line_1_10' title="bbox 169 1345 1263 1428; baseline 0.002 -19"><span class='ocrx_word' id='word_1_65' title='bbox 169 1369 265 1428; x_wconf 90' lang='lat' dir='ltr'><strong>quam</strong></span> <span class='ocrx_word' id='word_1_66' title='bbox 282 1347 323 1408; x_wconf 90' lang='lat' dir='ltr'><strong>ad</strong></span> <span class='ocrx_word' id='word_1_67' title='bbox 338 1347 543 1408; x_wconf 89' lang='lat' dir='ltr'><strong>stabiliendos</strong></span> <span class='ocrx_word' id='word_1_68' title='bbox 554 1365 665 1406; x_wconf 91' lang='lat' dir='ltr'><strong>versus</strong></span> <span class='ocrx_word' id='word_1_69' title='bbox 678 1345 748 1422; x_wconf 92' lang='lat' dir='ltr'><strong>plus</strong></span> <span class='ocrx_word' id='word_1_70' title='bbox 759 1345 916 1407; x_wconf 91' lang='lat' dir='ltr'><strong>adhibeat.</strong></span> <span class='ocrx_word' id='word_1_71' title='bbox 947 1350 1053 1426; x_wconf 85' lang='lat' dir='ltr'><strong>Atque</strong></span> <span class='ocrx_word' id='word_1_72' title='bbox 1065 1351 1124 1409; x_wconf 94' lang='lat' dir='ltr'><strong>hac</strong></span> <span class='ocrx_word' id='word_1_73' title='bbox 1136 1351 1263 1428; x_wconf 91' lang='lat' dir='ltr'><strong>quidem</strong></span> 
     </span>
     <span class='ocr_line' id='line_1_11' title="bbox 171 1443 1264 1517; baseline 0.002 -10"><span class='ocrx_word' id='word_1_74' title='bbox 171 1447 203 1507; x_wconf 93' lang='lat' dir='ltr'><strong>in</strong></span> <span class='ocrx_word' id='word_1_75' title='bbox 231 1467 264 1507; x_wconf 91' lang='lat' dir='ltr'><strong>re</strong></span> <span class='ocrx_word' id='word_1_76' title='bbox 293 1446 371 1506; x_wconf 93' lang='lat' dir='ltr'><strong>nihil</strong></span> <span class='ocrx_word' id='word_1_77' title='bbox 400 1445 572 1504; x_wconf 90' lang='lat' dir='ltr'><strong>admodum</strong></span> <span class='ocrx_word' id='word_1_78' title='bbox 600 1443 684 1503; x_wconf 88' lang='lat' dir='ltr'><strong>cedit</strong></span> <span class='ocrx_word' id='word_1_79' title='bbox 713 1444 901 1517; x_wconf 90' lang='lat' dir='ltr'><strong>Theocrit0;</strong></span> <span class='ocrx_word' id='word_1_80' title='bbox 937 1466 1010 1506; x_wconf 97' lang='lat' dir='ltr'><strong>nam</strong></span> <span class='ocrx_word' id='word_1_81' title='bbox 1040 1456 1129 1508; x_wconf 91' lang='lat' dir='ltr'><strong>tanta</strong></span> <span class='ocrx_word' id='word_1_82' title='bbox 1157 1450 1264 1509; x_wconf 89' lang='lat' dir='ltr'><strong>omnia</strong></span> 
     </span>
     <span class='ocr_line' id='line_1_12' title="bbox 148 1541 1264 1619; baseline 0.001 -14"><span class='ocrx_word' id='word_1_83' title='bbox 148 1554 150 1559; x_wconf 83' lang='grc'>’</span> <span class='ocrx_word' id='word_1_84' title='bbox 171 1545 331 1612; x_wconf 87' lang='lat' dir='ltr'><strong>suavitate</strong></span> <span class='ocrx_word' id='word_1_85' title='bbox 357 1563 394 1604; x_wconf 90' lang='lat' dir='ltr'><strong>ac</strong></span> <span class='ocrx_word' id='word_1_86' title='bbox 419 1541 553 1602; x_wconf 89' lang='lat' dir='ltr'><strong>mirifico</strong></span> <span class='ocrx_word' id='word_1_87' title='bbox 577 1541 714 1619; x_wconf 90' lang='lat' dir='ltr'><strong>quodam</strong></span> <span class='ocrx_word' id='word_1_88' title='bbox 740 1561 855 1603; x_wconf 85' lang='lat' dir='ltr'><strong>canoro</strong></span> <span class='ocrx_word' id='word_1_89' title='bbox 878 1544 1048 1617; x_wconf 90' lang='lat' dir='ltr'><strong>decoravit,</strong></span> <span class='ocrx_word' id='word_1_90' title='bbox 1071 1546 1178 1606; x_wconf 90' lang='lat' dir='ltr'><strong>omnia</strong></span> <span class='ocrx_word' id='word_1_91' title='bbox 1200 1556 1264 1606; x_wconf 88' lang='lat' dir='ltr'><strong>tam</strong></span> 
     </span>
     <span class='ocr_line' id='line_1_13' title="bbox 170 1638 1265 1722; baseline 0 -19"><span class='ocrx_word' id='word_1_92' title='bbox 170 1641 346 1703; x_wconf 86' lang='lat' dir='ltr'><strong>incredibili</strong></span> <span class='ocrx_word' id='word_1_93' title='bbox 361 1639 478 1700; x_wconf 90' lang='lat' dir='ltr'><strong>condiit</strong></span> <span class='ocrx_word' id='word_1_94' title='bbox 494 1638 666 1717; x_wconf 86' lang='lat' dir='ltr'><strong>diligentia,</strong></span> <span class='ocrx_word' id='word_1_95' title='bbox 682 1646 715 1698; x_wconf 94' lang='lat' dir='ltr'><strong>ut</strong></span> <span class='ocrx_word' id='word_1_96' title='bbox 730 1657 900 1716; x_wconf 88' lang='lat' dir='ltr'><strong>germanus</strong></span> <span class='ocrx_word' id='word_1_97' title='bbox 915 1640 1009 1718; x_wconf 90' lang='lat' dir='ltr'><strong>hujus</strong></span> <span class='ocrx_word' id='word_1_98' title='bbox 1023 1642 1101 1703; x_wconf 89' lang='lat' dir='ltr'><strong>artis</strong></span> <span class='ocrx_word' id='word_1_99' title='bbox 1115 1644 1265 1722; x_wconf 89' lang='lat' dir='ltr'><strong>magister</strong></span> 
     </span>
    </p>
   </div>
   <div class='ocr_carea' id='block_1_5' title="bbox 169 1735 1264 2501">
    <p class='ocr_par' dir='ltr' id='par_1_7' title="bbox 169 1735 1264 2501">
     <span class='ocr_line' id='line_1_14' title="bbox 170 1735 1264 1820; baseline 0.001 -19"><span class='ocrx_word' id='word_1_100' title='bbox 170 1741 299 1802; x_wconf 89' lang='lat' dir='ltr'><strong>eniteat.</strong></span> <span class='ocrx_word' id='word_1_101' title='bbox 344 1739 403 1799; x_wconf 92' lang='lat' dir='ltr'><strong>Est</strong></span> <span class='ocrx_word' id='word_1_102' title='bbox 428 1758 504 1798; x_wconf 93' lang='lat' dir='ltr'><strong>sane</strong></span> <span class='ocrx_word' id='word_1_103' title='bbox 526 1737 611 1814; x_wconf 85' lang='lat' dir='ltr'><strong>apud</strong></span> <span class='ocrx_word' id='word_1_104' title='bbox 634 1735 808 1815; x_wconf 87' lang='lat' dir='ltr'><strong>Vergilium</strong></span> <span class='ocrx_word' id='word_1_105' title='bbox 830 1738 908 1797; x_wconf 94' lang='lat' dir='ltr'><strong>nihil</strong></span> <span class='ocrx_word' id='word_1_106' title='bbox 929 1738 993 1800; x_wconf 90' lang='lat' dir='ltr'><strong>fere</strong></span> <span class='ocrx_word' id='word_1_107' title='bbox 1015 1741 1046 1799; x_wconf 94' lang='lat' dir='ltr'><strong>in</strong></span> <span class='ocrx_word' id='word_1_108' title='bbox 1068 1742 1127 1802; x_wconf 92' lang='lat' dir='ltr'><strong>hoc</strong></span> <span class='ocrx_word' id='word_1_109' title='bbox 1149 1762 1264 1820; x_wconf 91' lang='lat' dir='ltr'><strong>genere</strong></span> 
     </span>
     <span class='ocr_line' id='line_1_15' title="bbox 170 1835 1263 1916; baseline 0.001 -17"><span class='ocrx_word' id='word_1_110' title='bbox 170 1859 233 1899; x_wconf 92' lang='lat' dir='ltr'><strong>non</strong></span> <span class='ocrx_word' id='word_1_111' title='bbox 248 1860 266 1899; x_wconf 89' lang='lat' dir='ltr'><strong>a</strong></span> <span class='ocrx_word' id='word_1_112' title='bbox 282 1835 452 1898; x_wconf 89' lang='lat' dir='ltr'><strong>Theocrito</strong></span> <span class='ocrx_word' id='word_1_113' title='bbox 466 1835 610 1913; x_wconf 92' lang='lat' dir='ltr'><strong>petitum,</strong></span> <span class='ocrx_word' id='word_1_114' title='bbox 625 1843 733 1893; x_wconf 92' lang='lat' dir='ltr'><strong>tamen</strong></span> <span class='ocrx_word' id='word_1_115' title='bbox 748 1835 848 1895; x_wconf 89' lang='lat' dir='ltr'><strong>multa</strong></span> <span class='ocrx_word' id='word_1_116' title='bbox 863 1847 936 1896; x_wconf 88' lang='lat' dir='ltr'><strong>sunt</strong></span> <span class='ocrx_word' id='word_1_117' title='bbox 952 1857 991 1896; x_wconf 88' lang='lat' dir='ltr'><strong>ne</strong></span> <span class='ocrx_word' id='word_1_118' title='bbox 1006 1839 1047 1897; x_wconf 88' lang='lat' dir='ltr'><strong>ab</strong></span> <span class='ocrx_word' id='word_1_119' title='bbox 1064 1839 1117 1899; x_wconf 91' lang='lat' dir='ltr'><strong>illo</strong></span> <span class='ocrx_word' id='word_1_120' title='bbox 1135 1841 1263 1916; x_wconf 89' lang='lat' dir='ltr'><strong>quidem</strong></span> 
     </span>
     <span class='ocr_line' id='line_1_16' title="bbox 171 1932 1262 2013; baseline 0.002 -16"><span class='ocrx_word' id='word_1_121' title='bbox 171 1937 284 1997; x_wconf 92' lang='lat' dir='ltr'><strong>melius</strong></span> <span class='ocrx_word' id='word_1_122' title='bbox 313 1935 416 2006; x_wconf 88' lang='lat' dir='ltr'><strong>dicta;</strong></span> <span class='ocrx_word' id='word_1_123' title='bbox 446 1933 532 1993; x_wconf 90' lang='lat' dir='ltr'><strong>velut</strong></span> <span class='ocrx_word' id='word_1_124' title='bbox 561 1932 639 1992; x_wconf 91' lang='lat' dir='ltr'><strong>illud</strong></span> <span class='ocrx_word' id='word_1_125' title='bbox 668 1933 808 2012; x_wconf 87' lang='lat' dir='ltr'><strong>“Tityre</strong></span> <span class='ocrx_word' id='word_1_126' title='bbox 837 1935 912 1995; x_wconf 94' lang='lat' dir='ltr'><strong>dum</strong></span> <span class='ocrx_word' id='word_1_127' title='bbox 938 1938 1057 1998; x_wconf 86' lang='lat' dir='ltr'><strong>redeo”</strong></span> <span class='ocrx_word' id='word_1_128' title='bbox 1087 1947 1119 1998; x_wconf 86' lang='lat' dir='ltr'><strong>et</strong></span> <span class='ocrx_word' id='word_1_129' title='bbox 1148 1951 1262 2013; x_wconf 91' lang='lat' dir='ltr'><strong>cetera,</strong></span> 
     </span>
     <span class='ocr_line' id='line_1_17' title="bbox 169 2029 1264 2117; baseline 0.003 -23"><span class='ocrx_word' id='word_1_130' title='bbox 169 2035 254 2114; x_wconf 94' lang='lat' dir='ltr'><strong>quod</strong></span> <span class='ocrx_word' id='word_1_131' title='bbox 269 2052 369 2111; x_wconf 90' lang='lat' dir='ltr'><strong>paene</strong></span> <span class='ocrx_word' id='word_1_132' title='bbox 384 2032 423 2091; x_wconf 92' lang='lat' dir='ltr'><strong>ad</strong></span> <span class='ocrx_word' id='word_1_133' title='bbox 438 2032 570 2091; x_wconf 89' lang='lat' dir='ltr'><strong>verbum</strong></span> <span class='ocrx_word' id='word_1_134' title='bbox 586 2050 604 2090; x_wconf 93' lang='lat' dir='ltr'><strong>e</strong></span> <span class='ocrx_word' id='word_1_135' title='bbox 618 2029 711 2090; x_wconf 89' lang='lat' dir='ltr'><strong>tertio</strong></span> <span class='ocrx_word' id='word_1_136' title='bbox 726 2031 835 2109; x_wconf 89' lang='lat' dir='ltr'><strong>idyllio</strong></span> <span class='ocrx_word' id='word_1_137' title='bbox 849 2052 1038 2094; x_wconf 88' lang='lat' dir='ltr'><strong>conversum</strong></span> <span class='ocrx_word' id='word_1_138' title='bbox 1052 2046 1110 2096; x_wconf 92' lang='lat' dir='ltr'><strong>est.</strong></span> <span class='ocrx_word' id='word_1_139' title='bbox 1155 2039 1207 2109; x_wconf 91' lang='lat' dir='ltr'><strong>At,</strong></span> <span class='ocrx_word' id='word_1_140' title='bbox 1224 2058 1264 2117; x_wconf 78' lang='lat' dir='ltr'><strong>ne</strong></span> 
     </span>
     <span class='ocr_line' id='line_1_18' title="bbox 171 2128 1261 2211; baseline 0.002 -19"><span class='ocrx_word' id='word_1_141' title='bbox 171 2151 272 2192; x_wconf 91' lang='lat' dir='ltr'><strong>morer</strong></span> <span class='ocrx_word' id='word_1_142' title='bbox 287 2132 373 2211; x_wconf 88' lang='lat' dir='ltr'><strong>(nam</strong></span> <span class='ocrx_word' id='word_1_143' title='bbox 392 2136 534 2189; x_wconf 88' lang='lat' dir='ltr'><strong>sescenta</strong></span> <span class='ocrx_word' id='word_1_144' title='bbox 556 2137 629 2187; x_wconf 91' lang='lat' dir='ltr'><strong>sunt</strong></span> <span class='ocrx_word' id='word_1_145' title='bbox 651 2128 829 2209; x_wconf 86' lang='lat' dir='ltr'><strong>ejusmodi),</strong></span> <span class='ocrx_word' id='word_1_146' title='bbox 851 2130 911 2190; x_wconf 94' lang='lat' dir='ltr'><strong>hoc</strong></span> <span class='ocrx_word' id='word_1_147' title='bbox 933 2152 1031 2191; x_wconf 91' lang='lat' dir='ltr'><strong>unum</strong></span> <span class='ocrx_word' id='word_1_148' title='bbox 1053 2134 1189 2194; x_wconf 83' lang='lat' dir='ltr'><strong>adiciam</strong></span> <span class='ocrx_word' id='word_1_149' title='bbox 1210 2156 1261 2194; x_wconf 86' lang='lat' dir='ltr'><strong>ex-</strong></span> 
     </span>
     <span class='ocr_line' id='line_1_19' title="bbox 170 2225 1263 2309; baseline 0.005 -21"><span class='ocrx_word' id='word_1_150' title='bbox 170 2230 320 2307; x_wconf 91' lang='lat' dir='ltr'><strong>emplum,</strong></span> <span class='ocrx_word' id='word_1_151' title='bbox 350 2248 413 2305; x_wconf 92' lang='lat' dir='ltr'><strong>quo</strong></span> <span class='ocrx_word' id='word_1_152' title='bbox 441 2227 504 2286; x_wconf 91' lang='lat' dir='ltr'><strong>vim</strong></span> <span class='ocrx_word' id='word_1_153' title='bbox 531 2225 691 2286; x_wconf 90' lang='lat' dir='ltr'><strong>Theocriti</strong></span> <span class='ocrx_word' id='word_1_154' title='bbox 717 2226 784 2286; x_wconf 91' lang='lat' dir='ltr'><strong>sine</strong></span> <span class='ocrx_word' id='word_1_155' title='bbox 808 2227 904 2287; x_wconf 92' lang='lat' dir='ltr'><strong>dubio</strong></span> <span class='ocrx_word' id='word_1_156' title='bbox 928 2240 1035 2290; x_wconf 91' lang='lat' dir='ltr'><strong>noster</strong></span> <span class='ocrx_word' id='word_1_157' title='bbox 1059 2231 1263 2309; x_wconf 88' lang='lat' dir='ltr'><strong>adaequavit.</strong></span> 
     </span>
     <span class='ocr_line' id='line_1_20' title="bbox 172 2319 1263 2401; baseline 0.003 -14"><span class='ocrx_word' id='word_1_158' title='bbox 172 2329 255 2387; x_wconf 92' lang='lat' dir='ltr'><strong>Nam</strong></span> <span class='ocrx_word' id='word_1_159' title='bbox 272 2327 352 2386; x_wconf 90' lang='lat' dir='ltr'><strong>sicut</strong></span> <span class='ocrx_word' id='word_1_160' title='bbox 367 2325 418 2385; x_wconf 90' lang='lat' dir='ltr'><strong>ille</strong></span> <span class='ocrx_word' id='word_1_161' title='bbox 434 2319 513 2384; x_wconf 91' lang='lat' dir='ltr'><strong>miro</strong></span> <span class='ocrx_word' id='word_1_162' title='bbox 528 2324 668 2401; x_wconf 91' lang='lat' dir='ltr'><strong>quodam</strong></span> <span class='ocrx_word' id='word_1_163' title='bbox 683 2324 776 2383; x_wconf 90' lang='lat' dir='ltr'><strong>modo</strong></span> <span class='ocrx_word' id='word_1_164' title='bbox 791 2325 992 2386; x_wconf 89' lang='lat' dir='ltr'><strong>adumbravit</strong></span> <span class='ocrx_word' id='word_1_165' title='bbox 1007 2327 1130 2388; x_wconf 91' lang='lat' dir='ltr'><strong>labores</strong></span> <span class='ocrx_word' id='word_1_166' title='bbox 1151 2330 1263 2391; x_wconf 92' lang='lat' dir='ltr'><strong>inritos</strong></span> 
     </span>
     <span class='ocr_line' id='line_1_21' title="bbox 171 2423 696 2501; baseline -0.01 -16"><span class='ocrx_word' id='word_1_167' title='bbox 171 2445 289 2497; x_wconf 86' lang='lat' dir='ltr'><strong>eorum,</strong></span> <span class='ocrx_word' id='word_1_168' title='bbox 311 2423 365 2501; x_wconf 93' lang='lat' dir='ltr'><strong>qui</strong></span> <span class='ocrx_word' id='word_1_169' title='bbox 387 2431 495 2483; x_wconf 89' lang='lat' dir='ltr'><strong>contra</strong></span> <span class='ocrx_word' id='word_1_170' title='bbox 519 2423 696 2481; x_wconf 91' lang='lat' dir='ltr'><strong>Homerum</strong></span> 
     </span>
    </p>
   </div>
   <div class='ocr_carea' id='block_1_6' title="bbox 468 2536 962 2602">
    <p class='ocr_par' dir='ltr' id='par_1_8' title="bbox 468 2536 962 2602">
     <span class='ocr_line' id='line_1_22' title="bbox 468 2536 962 2602; baseline 0.006 -16"><span class='ocrx_word' id='word_1_171' title='bbox 468 2537 538 2588; x_wconf 68' lang='lat' dir='ltr'><strong>&amp;urla</strong></span> <span class='ocrx_word' id='word_1_172' title='bbox 549 2536 705 2599; x_wconf 60' lang='grc' dir='ltr'>κοκκύζοντα</span> <span class='ocrx_word' id='word_1_173' title='bbox 717 2537 805 2587; x_wconf 64' lang='lat' dir='ltr'><strong>dadum</strong></span> <span class='ocrx_word' id='word_1_174' title='bbox 814 2537 962 2602; x_wconf 68' lang='grc' dir='ltr'><strong><em>μοχθίζοντι,</em></strong></span> 
     </span>
    </p>
   </div>
   <div class='ocr_carea' id='block_1_7' title="bbox 170 2639 1261 2814">
    <p class='ocr_par' dir='ltr' id='par_1_9' title="bbox 170 2639 1261 2814">
     <span class='ocr_line' id='line_1_23' title="bbox 170 2639 1261 2720; baseline 0.002 -18"><span class='ocrx_word' id='word_1_175' title='bbox 170 2642 214 2702; x_wconf 87' lang='lat' dir='ltr'><strong>ita</strong></span> <span class='ocrx_word' id='word_1_176' title='bbox 230 2642 290 2712; x_wconf 90' lang='lat' dir='ltr'><strong>hic,</strong></span> <span class='ocrx_word' id='word_1_177' title='bbox 312 2640 396 2718; x_wconf 93' lang='lat' dir='ltr'><strong>quod</strong></span> <span class='ocrx_word' id='word_1_178' title='bbox 418 2640 541 2701; x_wconf 86' lang='lat' dir='ltr'><strong>Graece</strong></span> <span class='ocrx_word' id='word_1_179' title='bbox 563 2639 660 2699; x_wconf 89' lang='lat' dir='ltr'><strong>verbo</strong></span> <span class='ocrx_word' id='word_1_180' title='bbox 681 2641 818 2712; x_wconf 83' lang='grc' dir='ltr'>κοκκύζειν</span> <span class='ocrx_word' id='word_1_181' title='bbox 843 2641 1054 2719; x_wconf 90' lang='lat' dir='ltr'><strong>spondeisque</strong></span> <span class='ocrx_word' id='word_1_182' title='bbox 1078 2661 1261 2720; x_wconf 88' lang='lat' dir='ltr'><strong>expressum</strong></span> 
     </span>
     <span class='ocr_line' id='line_1_24' title="bbox 170 2735 886 2814; baseline -0.006 -14"><span class='ocrx_word' id='word_1_183' title='bbox 170 2747 227 2810; x_wconf 89' lang='lat' dir='ltr'><strong>est,</strong></span> <span class='ocrx_word' id='word_1_184' title='bbox 249 2738 332 2798; x_wconf 88' lang='lat' dir='ltr'><strong>idem</strong></span> <span class='ocrx_word' id='word_1_185' title='bbox 354 2735 457 2796; x_wconf 90' lang='lat' dir='ltr'><strong>effecit</strong></span> <span class='ocrx_word' id='word_1_186' title='bbox 479 2736 675 2814; x_wconf 90' lang='lat' dir='ltr'><strong>dactylorum</strong></span> <span class='ocrx_word' id='word_1_187' title='bbox 699 2736 886 2814; x_wconf 84' lang='lat' dir='ltr'><strong>frequentia,</strong></span> 
     </span>
    </p>
   </div>
   <div class='ocr_carea' id='block_1_8' title="bbox 169 2849 1263 4077">
    <p class='ocr_par' dir='ltr' id='par_1_10' title="bbox 169 2849 1263 4077">
     <span class='ocr_line' id='line_1_25' title="bbox 427 2849 1062 2915; baseline 0.009 -17"><span class='ocrx_word' id='word_1_188' title='bbox 427 2865 511 2915; x_wconf 90' lang='lat' dir='ltr'><strong>neque</strong></span> <span class='ocrx_word' id='word_1_189' title='bbox 523 2849 610 2900; x_wconf 88' lang='lat' dir='ltr'><strong>adhuc</strong></span> <span class='ocrx_word' id='word_1_190' title='bbox 621 2850 704 2900; x_wconf 89' lang='lat' dir='ltr'><strong>Vario</strong></span> <span class='ocrx_word' id='word_1_191' title='bbox 715 2851 805 2900; x_wconf 91' lang='lat' dir='ltr'><strong>videor</strong></span> <span class='ocrx_word' id='word_1_192' title='bbox 817 2867 865 2901; x_wconf 92' lang='lat' dir='ltr'><strong>nec</strong></span> <span class='ocrx_word' id='word_1_193' title='bbox 876 2851 964 2902; x_wconf 87' lang='lat' dir='ltr'><strong>dicere</strong></span> <span class='ocrx_word' id='word_1_194' title='bbox 975 2853 1062 2904; x_wconf 86' lang='lat' dir='ltr'><strong>Cinna</strong></span> 
     </span>
     <span class='ocr_line' id='line_1_26' title="bbox 362 2933 1029 2998; baseline 0.003 -15"><span class='ocrx_word' id='word_1_195' title='bbox 362 2933 449 2997; x_wconf 87' lang='lat' dir='ltr'><strong>digna,</strong></span> <span class='ocrx_word' id='word_1_196' title='bbox 462 2933 507 2982; x_wconf 83' lang='lat' dir='ltr'><strong>sed</strong></span> <span class='ocrx_word' id='word_1_197' title='bbox 520 2940 628 2996; x_wconf 86' lang='lat' dir='ltr'><strong>argutos</strong></span> <span class='ocrx_word' id='word_1_198' title='bbox 639 2934 708 2982; x_wconf 90' lang='lat' dir='ltr'><strong>inter</strong></span> <span class='ocrx_word' id='word_1_199' title='bbox 719 2941 836 2998; x_wconf 86' lang='lat' dir='ltr'><strong>strepere</strong></span> <span class='ocrx_word' id='word_1_200' title='bbox 848 2949 925 2984; x_wconf 82' lang='lat' dir='ltr'><strong>anser</strong></span> <span class='ocrx_word' id='word_1_201' title='bbox 936 2935 1029 2986; x_wconf 81' lang='lat' dir='ltr'><strong>olores.</strong></span> 
     </span>
     <span class='ocr_line' id='line_1_27' title="bbox 171 3033 1263 3110; baseline 0.005 -15"><span class='ocrx_word' id='word_1_202' title='bbox 171 3037 268 3096; x_wconf 89' lang='lat' dir='ltr'><strong>Porro</strong></span> <span class='ocrx_word' id='word_1_203' title='bbox 284 3035 428 3097; x_wconf 87' lang='lat' dir='ltr'><strong>Graecos</strong></span> <span class='ocrx_word' id='word_1_204' title='bbox 442 3043 488 3094; x_wconf 94' lang='lat' dir='ltr'><strong>est</strong></span> <span class='ocrx_word' id='word_1_205' title='bbox 505 3033 536 3092; x_wconf 92' lang='lat' dir='ltr'><strong>in</strong></span> <span class='ocrx_word' id='word_1_206' title='bbox 552 3033 628 3110; x_wconf 91' lang='lat' dir='ltr'><strong>ipsis</strong></span> <span class='ocrx_word' id='word_1_207' title='bbox 650 3033 753 3094; x_wconf 93' lang='lat' dir='ltr'><strong>modis</strong></span> <span class='ocrx_word' id='word_1_208' title='bbox 774 3033 926 3106; x_wconf 91' lang='lat' dir='ltr'><strong>imitatus,</strong></span> <span class='ocrx_word' id='word_1_209' title='bbox 949 3037 1028 3096; x_wconf 88' lang='lat' dir='ltr'><strong>adeo</strong></span> <span class='ocrx_word' id='word_1_210' title='bbox 1049 3046 1084 3098; x_wconf 94' lang='lat' dir='ltr'><strong>ut</strong></span> <span class='ocrx_word' id='word_1_211' title='bbox 1106 3038 1263 3100; x_wconf 90' lang='lat' dir='ltr'><strong>interdum</strong></span> 
     </span>
     <span class='ocr_line' id='line_1_28' title="bbox 170 3131 1262 3212; baseline 0.004 -19"><span class='ocrx_word' id='word_1_212' title='bbox 170 3153 280 3193; x_wconf 91' lang='lat' dir='ltr'><strong>versus</strong></span> <span class='ocrx_word' id='word_1_213' title='bbox 296 3132 444 3191; x_wconf 90' lang='lat' dir='ltr'><strong>adhibeat</strong></span> <span class='ocrx_word' id='word_1_214' title='bbox 460 3143 543 3190; x_wconf 89' lang='lat' dir='ltr'><strong>totos</strong></span> <span class='ocrx_word' id='word_1_215' title='bbox 559 3150 643 3190; x_wconf 91' lang='lat' dir='ltr'><strong>more</strong></span> <span class='ocrx_word' id='word_1_216' title='bbox 660 3131 785 3191; x_wconf 90' lang='lat' dir='ltr'><strong>Graeco</strong></span> <span class='ocrx_word' id='word_1_217' title='bbox 802 3132 970 3203; x_wconf 86' lang='lat' dir='ltr'><strong>cadentes;</strong></span> <span class='ocrx_word' id='word_1_218' title='bbox 994 3133 1048 3211; x_wconf 93' lang='lat' dir='ltr'><strong>qui</strong></span> <span class='ocrx_word' id='word_1_219' title='bbox 1069 3135 1205 3212; x_wconf 92' lang='lat' dir='ltr'><strong>quidem,</strong></span> <span class='ocrx_word' id='word_1_220' title='bbox 1229 3147 1262 3198; x_wconf 89' lang='lat' dir='ltr'><strong>ut</strong></span> 
     </span>
     <span class='ocr_line' id='line_1_29' title="bbox 170 3228 1262 3309; baseline 0.005 -19"><span class='ocrx_word' id='word_1_221' title='bbox 170 3231 245 3291; x_wconf 93' lang='lat' dir='ltr'><strong>mihi</strong></span> <span class='ocrx_word' id='word_1_222' title='bbox 275 3229 408 3301; x_wconf 91' lang='lat' dir='ltr'><strong>videtur,</strong></span> <span class='ocrx_word' id='word_1_223' title='bbox 436 3237 598 3305; x_wconf 89' lang='lat' dir='ltr'><strong>tamquam</strong></span> <span class='ocrx_word' id='word_1_224' title='bbox 624 3228 722 3288; x_wconf 90' lang='lat' dir='ltr'><strong>stellis</strong></span> <span class='ocrx_word' id='word_1_225' title='bbox 748 3229 941 3307; x_wconf 87' lang='lat' dir='ltr'><strong>quibusdam</strong></span> <span class='ocrx_word' id='word_1_226' title='bbox 966 3244 1113 3309; x_wconf 89' lang='lat' dir='ltr'><strong>poemata</strong></span> <span class='ocrx_word' id='word_1_227' title='bbox 1138 3234 1262 3295; x_wconf 90' lang='lat' dir='ltr'><strong>inlumi-</strong></span> 
     </span>
     <span class='ocr_line' id='line_1_30' title="bbox 170 3326 459 3406; baseline -0.01 -18"><span class='ocrx_word' id='word_1_228' title='bbox 170 3337 264 3399; x_wconf 87' lang='lat' dir='ltr'><strong>nant;</strong></span> <span class='ocrx_word' id='word_1_229' title='bbox 288 3326 391 3406; x_wconf 87' lang='lat' dir='ltr'><strong>qualis</strong></span> <span class='ocrx_word' id='word_1_230' title='bbox 412 3334 459 3386; x_wconf 89' lang='lat' dir='ltr'><strong>est</strong></span> 
     </span>
     <span class='ocr_line' id='line_1_31' title="bbox 395 3439 1009 3505; baseline 0.003 -16"><span class='ocrx_word' id='word_1_231' title='bbox 395 3440 521 3490; x_wconf 86' lang='lat' dir='ltr'><strong>saltantes</strong></span> <span class='ocrx_word' id='word_1_232' title='bbox 533 3446 637 3504; x_wconf 91' lang='lat' dir='ltr'><strong>satyros</strong></span> <span class='ocrx_word' id='word_1_233' title='bbox 649 3439 796 3490; x_wconf 87' lang='lat' dir='ltr'><strong>imitabitur</strong></span> <span class='ocrx_word' id='word_1_234' title='bbox 808 3439 1009 3505; x_wconf 86' lang='lat' dir='ltr'><strong>Alphesiboeus,</strong></span> 
     </span>
     <span class='ocr_line' id='line_1_32' title="bbox 169 3533 200 3585; baseline 0 0"><span class='ocrx_word' id='word_1_235' title='bbox 169 3533 200 3585; x_wconf 85' lang='lat' dir='ltr'><strong>et</strong></span> 
     </span>
     <span class='ocr_line' id='line_1_33' title="bbox 427 3618 942 3683; baseline 0.002 -14"><span class='ocrx_word' id='word_1_236' title='bbox 427 3618 557 3670; x_wconf 88' lang='lat' dir='ltr'><strong>caelatum</strong></span> <span class='ocrx_word' id='word_1_237' title='bbox 569 3618 652 3668; x_wconf 89' lang='lat' dir='ltr'><strong>divini</strong></span> <span class='ocrx_word' id='word_1_238' title='bbox 664 3633 731 3683; x_wconf 89' lang='lat' dir='ltr'><strong>opus</strong></span> <span class='ocrx_word' id='word_1_239' title='bbox 742 3619 942 3678; x_wconf 87' lang='lat' dir='ltr'><strong>Alcimedontis,</strong></span> 
     </span>
     <span class='ocr_line' id='line_1_34' title="bbox 169 3719 564 3800; baseline -0.005 -19"><span class='ocrx_word' id='word_1_240' title='bbox 169 3723 285 3800; x_wconf 88' lang='lat' dir='ltr'><strong>aliique</strong></span> <span class='ocrx_word' id='word_1_241' title='bbox 305 3719 355 3780; x_wconf 92' lang='lat' dir='ltr'><strong>his</strong></span> <span class='ocrx_word' id='word_1_242' title='bbox 376 3719 564 3780; x_wconf 75' lang='lat' dir='ltr'><strong>consimiles,</strong></span> 
     </span>
     <span class='ocr_line' id='line_1_35' title="bbox 231 3816 1263 3894; baseline 0.007 -17"><span class='ocrx_word' id='word_1_243' title='bbox 231 3818 354 3878; x_wconf 90' lang='lat' dir='ltr'><strong>Eadem</strong></span> <span class='ocrx_word' id='word_1_244' title='bbox 375 3837 500 3894; x_wconf 92' lang='lat' dir='ltr'><strong>quoque</strong></span> <span class='ocrx_word' id='word_1_245' title='bbox 521 3824 649 3876; x_wconf 91' lang='lat' dir='ltr'><strong>secutus</strong></span> <span class='ocrx_word' id='word_1_246' title='bbox 671 3816 826 3893; x_wconf 88' lang='lat' dir='ltr'><strong>exempla,</strong></span> <span class='ocrx_word' id='word_1_247' title='bbox 849 3837 911 3877; x_wconf 91' lang='lat' dir='ltr'><strong>non</strong></span> <span class='ocrx_word' id='word_1_248' title='bbox 933 3838 1004 3878; x_wconf 91' lang='lat' dir='ltr'><strong>raro</strong></span> <span class='ocrx_word' id='word_1_249' title='bbox 1025 3819 1093 3881; x_wconf 92' lang='lat' dir='ltr'><strong>hiat</strong></span> <span class='ocrx_word' id='word_1_250' title='bbox 1114 3820 1146 3881; x_wconf 90' lang='lat' dir='ltr'><strong>in</strong></span> <span class='ocrx_word' id='word_1_251' title='bbox 1168 3825 1263 3884; x_wconf 91' lang='lat' dir='ltr'><strong>versi-</strong></span> 
     </span>
     <span class='ocr_line' id='line_1_36' title="bbox 170 3917 297 3990; baseline -0.024 -11"><span class='ocrx_word' id='word_1_252' title='bbox 170 3917 240 3990; x_wconf 92' lang='lat' dir='ltr'><strong>bus,</strong></span> <span class='ocrx_word' id='word_1_253' title='bbox 263 3925 297 3976; x_wconf 93' lang='lat' dir='ltr'><strong>ut</strong></span> 
     </span>
     <span class='ocr_line' id='line_1_37' title="bbox 395 4010 993 4077; baseline 0.003 -16"><span class='ocrx_word' id='word_1_254' title='bbox 395 4010 528 4076; x_wconf 84' lang='lat' dir='ltr'><strong>Amphion</strong></span> <span class='ocrx_word' id='word_1_255' title='bbox 541 4010 670 4060; x_wconf 88' lang='lat' dir='ltr'><strong>Dircaeus</strong></span> <span class='ocrx_word' id='word_1_256' title='bbox 681 4011 709 4060; x_wconf 93' lang='lat' dir='ltr'><strong>in</strong></span> <span class='ocrx_word' id='word_1_257' title='bbox 720 4012 820 4060; x_wconf 90' lang='lat' dir='ltr'><strong>Actaeo</strong></span> <span class='ocrx_word' id='word_1_258' title='bbox 832 4012 993 4077; x_wconf 88' lang='lat' dir='ltr'><strong>Aracyntho,</strong></span> 
     </span>
    </p>
   </div>
   <div class='ocr_carea' id='block_1_9' title="bbox 170 4109 1175 4290">
    <p class='ocr_par' dir='ltr' id='par_1_11' title="bbox 170 4109 1175 4290">
     <span class='ocr_line' id='line_1_38' title="bbox 170 4109 1175 4192; baseline 0.001 -17"><span class='ocrx_word' id='word_1_259' title='bbox 170 4114 220 4175; x_wconf 89' lang='lat' dir='ltr'><strong>vel</strong></span> <span class='ocrx_word' id='word_1_260' title='bbox 232 4112 267 4172; x_wconf 91' lang='lat' dir='ltr'><strong>-in</strong></span> <span class='ocrx_word' id='word_1_261' title='bbox 283 4111 335 4172; x_wconf 93' lang='lat' dir='ltr'><strong>illo</strong></span> <span class='ocrx_word' id='word_1_262' title='bbox 350 4111 427 4182; x_wconf 92' lang='lat' dir='ltr'><strong>loco,</strong></span> <span class='ocrx_word' id='word_1_263' title='bbox 443 4110 496 4170; x_wconf 95' lang='lat' dir='ltr'><strong>ubi</strong></span> <span class='ocrx_word' id='word_1_264' title='bbox 512 4110 608 4170; x_wconf 88' lang='lat' dir='ltr'><strong>etiam</strong></span> <span class='ocrx_word' id='word_1_265' title='bbox 624 4109 752 4170; x_wconf 88' lang='lat' dir='ltr'><strong>brevem</strong></span> <span class='ocrx_word' id='word_1_266' title='bbox 769 4110 909 4171; x_wconf 91' lang='lat' dir='ltr'><strong>vocalem</strong></span> <span class='ocrx_word' id='word_1_267' title='bbox 927 4111 957 4171; x_wconf 93' lang='lat' dir='ltr'><strong>in</strong></span> <span class='ocrx_word' id='word_1_268' title='bbox 972 4111 1062 4173; x_wconf 92' lang='lat' dir='ltr'><strong>hiatu</strong></span> <span class='ocrx_word' id='word_1_269' title='bbox 1077 4116 1175 4192; x_wconf 90' lang='lat' dir='ltr'><strong>ponit,</strong></span> 
     </span>
     <span class='ocr_line' id='line_1_39' title="bbox 396 4223 1094 4290; baseline 0.003 -14"><span class='ocrx_word' id='word_1_270' title='bbox 396 4224 563 4283; x_wconf 87' lang='lat' dir='ltr'><strong>clamassent,</strong></span> <span class='ocrx_word' id='word_1_271' title='bbox 577 4233 605 4274; x_wconf 93' lang='lat' dir='ltr'><strong>ut</strong></span> <span class='ocrx_word' id='word_1_272' title='bbox 617 4223 688 4282; x_wconf 88' lang='lat' dir='ltr'><strong>litus,</strong></span> <span class='ocrx_word' id='word_1_273' title='bbox 703 4224 783 4290; x_wconf 85' lang='lat' dir='ltr'><strong>Hyla,</strong></span> <span class='ocrx_word' id='word_1_274' title='bbox 798 4224 878 4290; x_wconf 88' lang='lat' dir='ltr'><strong>Hyla,</strong></span> <span class='ocrx_word' id='word_1_275' title='bbox 891 4241 969 4277; x_wconf 84' lang='lat' dir='ltr'><strong>omne</strong></span> <span class='ocrx_word' id='word_1_276' title='bbox 981 4235 1094 4279; x_wconf 84' lang='lat' dir='ltr'><strong>sonaret.</strong></span> 
     </span>
    </p>
   </div>
   <div class='ocr_carea' id='block_1_10' title="bbox 0 0 1462 4884">
    <p class='ocr_par' dir='ltr' id='par_1_12' title="bbox 0 0 1462 4884">
     <span class='ocr_line' id='line_1_40' title="bbox 0 0 1462 4884; baseline 0 0"><span class='ocrx_word' id='word_1_277' title='bbox 0 0 1462 4884; x_wconf 95' lang='lat' dir='ltr'><strong> </strong></span> 
     </span>
    </p>
   </div>
  </div>
 </body>
</html>
