2916 4884
728 364 747 428 8

191 546 285 624 Quod
300 554 331 606 et
345 546 505 625 Vergilius
520 567 748 626 nonnunquam
763 547 915 620 imitatur,
931 540 1058 608 velut—-

231 726 241 784 l
312 660 420 726 parcite,
433 661 468 710 ab
479 661 544 711 urbe
557 662 636 720 venit,
646 662 710 724 jam,
723 663 849 719 carmina,
862 662 971 726 parcite,
985 663 1114 728 Daphnis,

213 745 230 785 θ

190 746 211 786 V
235 811 237 814 '
311 807 431 857 carmina
441 815 502 857 sunt
514 807 639 858 dicenda:
658 816 734 872 neget
747 809 806 873 quis
817 809 936 858 carmina
949 809 1046 859 Gallo?

296 969 301 981 ,
333 972 339 983 ,
532 909 645 984 Neque
659 927 735 968 vero
750 907 799 968 his
813 917 938 968 tantum
954 909 1048 969 rebus
1062 909 1165 970 differt
1180 909 1282 970 Theo·

223 970 392 1086 lqififfiffine
468 991 567 1065 oritus
601 1025 621 1064 a
655 1025 748 1066 versu
784 1004 966 1066 Homerico.
1026 1007 1112 1066 Nam
1146 1006 1283 1084 primum

471 1101 588 1179 quippe
609 1102 694 1179 quod
716 1101 870 1175 homineS,
892 1112 923 1162 et
945 1123 1000 1162 eos
1021 1117 1172 1182 agrestes
1189 1124 1284 1181 quarn

189 1199 265 1260 deos
279 1199 464 1276 heroasque,
481 1200 578 1259 silvas
593 1219 631 1258 ac
649 1209 740 1277 prata
759 1220 854 1278 quam
877 1209 980 1260 castra
996 1200 1102 1278 potius
1117 1201 1284 1274 describat,

188 1295 306 1358 idcirco
326 1317 436 1358 omnes
454 1297 532 1375 fugit
553 1297 711 1375 ampullas
732 1307 763 1357 et
785 1297 1019 1376 sesquipedalia
1034 1299 1141 1371 verba,
1157 1319 1284 1358 ornnem

189 1394 402 1472 granditatem
432 1395 529 1467 illam,
559 1415 641 1473 quae
668 1395 758 1473 epico
791 1395 923 1455 carmini
957 1406 1005 1456 est
1040 1397 1177 1481 maxime
1211 1417 1283 1457 con-

190 1501 353 1551 sentanea.

251 1587 377 1647 Deinde
399 1588 499 1671 modo
520 1588 673 1654 ,imitandi
702 1590 804 1650 scenis
832 1591 963 1668 propius
991 1610 1087 1669 quam
1111 1590 1200 1667 epico
1223 1592 1283 1651 hoc

189 1705 290 1764 genus
315 1686 447 1746 accedit.
501 1686 581 1746 Tres
606 1686 690 1745 enim
715 1686 860 1747 imitandi
886 1687 1006 1758 modoS,
1029 1697 1064 1747 ut
1089 1699 1198 1747 notum
1224 1696 1282 1762 est,

189 1782 375 1843 Aristoteles
390 1772 520 1855 definiit,
537 1803 575 1842 ex
591 1803 653 1859 quo
668 1782 727 1842 tria
742 1802 811 1843 esse
828 1791 1010 1859 poematum
1030 1803 1146 1862 genera
1168 1783 1283 1844 consti-

188 1879 325 1939 tuimus:
348 1879 568 1950 dramaticum,
585 1879 616 1937 id
631 1888 688 1950 est,
704 1880 855 1953 activum,
872 1879 905 1938 in
927 1901 989 1958 quo
1011 1900 1163 1957 personae
1184 1888 1283 1958 agunt

188 1976 255 2061 sine
284 1977 348 2037 ulla
377 1985 490 2056 poetae
519 1977 774 2037 interlocutione:
806 1978 1030 2051 enarrativum,
1057 1979 1142 2057 quod
1168 1979 1284 2040 Graeci

188 2085 303 2135 vocant
326 2068 522 2157 διηγηματικόν
543 2085 603 2136 aut.
620 2077 831 2156 ἀπαγγελτικόν,
855 2076 885 2135 in
909 2096 971 2153 quo
994 2085 1087 2153 poeta
1110 2077 1195 2137 solus
1217 2077 1284 2153 ipse

187 2172 345 2251 loquitur:
368 2192 535 2232 commune
551 2173 600 2232 vel
623 2173 768 2244 mixtum,
784 2173 838 2232 ubi
860 2173 1038 2250 promiscue
1060 2175 1232 2252 loquuntur
1253 2183 1284 2234 et

187 2280 281 2348 poeta
305 2279 336 2330 et
361 2290 523 2347 personae.
580 2271 724 2349 Quorum
750 2258 903 2350 generum
932 2270 1027 2348 primi
1058 2280 1131 2331 sunt
1157 2270 1284 2331 fabulae

188 2367 326 2444 tragicae
355 2388 393 2426 ac
418 2367 567 2440 comicae,
594 2375 655 2428 tert
657 2367 678 2426 ii
705 2377 771 2428 tota
739 2367 876 2427 tIlias
904 2377 935 2427 et
964 2368 1107 2447 Odyssea
1136 2369 1283 2440 Homeri,

189 2464 367 2524 bucolicum
384 2484 511 2524 carmen
528 2465 670 2525 omnium
687 2464 784 2524 trium
798 2465 973 2543 particeps,
995 2467 1050 2526 sed
1071 2466 1163 2544 longe
1184 2467 1282 2526 maxi·

188 2581 272 2621 mam
288 2569 411 2638 partem
426 2570 474 2621 est
492 2562 571 2622 adeo
591 2562 810 2635 dramaticum,
827 2573 862 2623 ut
878 2563 1008 2641 Vergilii
1025 2564 1167 2623 bucolica
1183 2565 1283 2626 ferant

187 2659 218 2718 in
242 2679 337 2719 scena
358 2678 413 2735 per
435 2667 581 2719 cantores
602 2659 711 2719 crebro
734 2680 802 2720 esse
824 2660 1038 2738 pronuntiata.

349 2820 354 2830 ,
371 2763 372 2766 ’
531 2756 695 2818 Peculiare
708 2765 814 2818 autem
827 2757 899 2817 huic
911 2757 1018 2837 generi
1030 2765 1077 2817 est
1089 2757 1184 2831 aliud,
1199 2759 1283 2836 quod

220 2822 390 2936 350⁰,ssssssoe
471 2854 595 2914 Graece
619 2857 769 2932 ἀμοιβαῖον
795 2855 918 2927 dicitur,
944 2855 975 2914 id
1000 2866 1059 2928 est,
1085 2875 1211 2916 carmen
1241 2857 1283 2916 al-

469 2960 604 3011 ternum.
648 2953 848 3013 Inducuntur
860 2952 943 3012 enim
956 2973 1050 3030 saepe
1065 2961 1207 3030 pastores
1222 2955 1284 3015 duo

188 3070 244 3127 pro
266 3049 372 3126 palma
394 3049 476 3108 inter
498 3068 531 3108 se
553 3059 721 3122 certanteS,
743 3070 877 3128 quorum
903 3050 982 3110 alter
1006 3051 1117 3127 paucis
1141 3051 1285 3110 versibus

189 3156 287 3208 semet
303 3157 357 3207 aut
373 3166 497 3206 amores
512 3166 586 3206 suos
600 3159 656 3207 aut
671 3146 754 3206 facta
770 3148 919 3221 celebrat,
942 3149 1019 3208 alter
1040 3148 1179 3209 vicissim
1202 3149 1284 3227 pari-

189 3246 248 3305 bus
260 3245 437 3321 respondet.
487 3245 588 3321 Quale
603 3253 650 3304 est
666 3246 749 3321 apud
761 3245 935 3325 Vergilium
948 3255 1109 3306 certamen
1122 3247 1285 3308 Menalcae

189 3351 220 3401 et
250 3342 436 3413 Damoetae,
472 3360 551 3416 quos
582 3341 765 3414 Palaemon,
797 3343 948 3404 cantandi
979 3344 1104 3416 arbiter,
1134 3345 1173 3403 ad
1201 3344 1285 3404 hunc

190 3440 321 3499 modum
342 3437 565 3498 cohortatur-
613 3472 616 3477 ·

383 3551 476 3615 incipe,
491 3553 636 3608 Damoeta:
656 3562 684 3602 tu
698 3553 793 3604 deinde
804 3571 920 3620 sequere,
935 3556 1066 3606 Menalca.

384 3633 477 3683 alterni
489 3633 598 3692 dicetis;
617 3645 708 3685 amant
721 3637 823 3686 alterna
835 3640 992 3688 Camoenae.

192 3733 344 3812 Ejusdem
362 3731 446 3792 modi
461 3741 535 3793 sunt
552 3735 636 3810 apud
655 3734 858 3797 Theocritum
881 3738 1053 3816 complura,
1076 3749 1110 3799 ut
1133 3739 1287 3800 Comatae

191 3852 265 3893 cum
281 3833 411 3890 Lacone
425 3831 566 3905 certatio,
582 3833 632 3891 vel
648 3831 710 3905 illa,
727 3855 791 3912 qua
805 3855 893 3896 amor
909 3837 1057 3915 Cyclopis
1074 3857 1093 3897 a
1115 3836 1287 3914 Daphnide

191 3936 222 3989 et
245 3930 402 3988 Damoeta
424 3927 608 3990 celebratur.

535 4027 611 4085 Post
600 4035 699 4088 tremo
724 4027 756 4087 in
782 4031 841 4090 hoc
866 4031 969 4108 capite
994 4030 1188 4091 memorandi
1214 4039 1287 4092 sunt

225 4089 433 4206 Εἴθῖξὲῗίῗξξω
472 4143 552 4200 quos
567 4137 681 4184 vocant
694 4146 804 4187 versus
818 4127 1031 4201 intercalares,
1043 4150 1105 4189 non
1121 4129 1286 4203 mediocre,

474 4240 544 4281 meo
572 4223 699 4301 quidem
725 4224 855 4302 judicio,
884 4226 1017 4305 hujusce
1043 4226 1167 4307 generis
1194 4247 1285 4290 orna·
