2916 4884
735 405 755 472 7

196 594 311 652 nopere
339 575 475 654 diligunt
504 573 690 634 divisionem
720 592 839 645 versus,
865 592 927 650 qua
956 580 1090 651 quartus
1115 592 1180 650 pes
1207 581 1237 633 et
1262 564 1289 633 is

194 673 348 750 dactylus
365 682 487 749 partem
503 672 653 732 orationis
668 672 827 731 terminat.
870 672 920 731 Ea
935 671 1063 748 quidem
1081 672 1162 748 τομὴ·
1173 671 1289 731 dicitur

193 772 355 846 βουκολική,
372 791 435 830 non
450 770 534 848 quod
551 790 569 827 a
584 768 800 828 bucolicorum
815 768 1021 846 scriptoribus
1038 769 1177 845 prolecta
1198 768 1289 840 sit,—

195 868 364 948 (invenitur
376 869 459 927 enim
475 867 601 943 saepius
616 866 702 943 apud
716 866 1003 946 Homerum)-sed
1016 857 1089 944 quia
1102 876 1166 927 tam
1179 867 1287 927 crebro

193 966 234 1024 ab
257 965 295 1025 iis
318 974 481 1042 usurpata,
504 964 595 1043 quasi
619 965 670 1022 lex
693 963 868 1046 quaedam„
884 973 919 1023 ut
944 964 1068 1024 Probus
1090 973 1188 1036 notat,
1213 963 1287 1023 huic

192 1062 298 1142 generi
321 1063 469 1122 carminis
492 1063 625 1122 videtur.
668 1060 763 1120 Velut
788 1060 820 1120 in
843 1061 949 1139 primo¹
968 1060 1076 1140 idyllio
1098 1061 1287 1122 Theocritus

193 1179 324 1219 exorsus
338 1167 427 1219 est-
1201 1175 1205 1184 ·

385 1271 428 1322 tot
439 1292 463 1322 τι
474 1273 503 1322 τὸ
514 1272 641 1337 ψιθύρισμα
652 1273 691 1322 ital
702 1270 805 1333 ἆπῐτυς,
817 1270 911 1332 aindas,
922 1270 985 1330 τήνα

384 1354 400 1404 ἆ
411 1356 468 1405 ποτὶ
479 1358 531 1406 ταῖς
543 1359 643 1418 παγαῒσι
652 1355 805 1417 μελίσδεται·
825 1353 868 1404 ἁδὺ
880 1353 905 1404 δὲ
916 1355 955 1404 καὶ
965 1354 996 1404 τὺ
1080 1428 1081 1431 ¹

385 1439 505 1503 συρίσδες·
520 1439 583 1500 μετὰ
594 1441 660 1489 Πᾶνα
671 1440 699 1488 τὸ
712 1438 823 1504 δεύτερον
835 1437 909 1488 ἆθλον
920 1439 1016 1504 ductast.

191 1549 222 1599 et
244 1538 275 1598 in
298 1538 478 1598 secundo-

383 1659 416 1720 πᾷ
426 1674 466 1715 μοι
477 1655 516 1703 ταὶ
529 1653 631 1716 δάφναις
648 1653 706 1718 φέρε
718 1653 836 1705 otmar·
853 1657 885 1719 πᾷ
897 1652 924 1704 δὲ
935 1653 966 1703 τὰ
977 1653 1081 1716 ollem

383 1740 474 1801 στέψον
485 1738 530 1787 τὸν
541 1737 648 1794 κελέβαν
658 1738 769 1802 φοινικέῳ
781 1737 829 1788 οἷὸς
841 1738 916 1800 ἀώτῳ.
937 1756 959 1787 κ.
969 1757 992 1788 τ.
1003 1746 1027 1788 λ.

192 1840 335 1899 Eandem
371 1839 403 1899 in
439 1858 629 1916 unoquoque
656 1839 774 1917 idyllio‚
805 1839 936 1900 eandem
971 1838 1055 1915 apud
1092 1837 1225 1897 Bionem
1253 1845 1284 1896 et

192 1939 358 1998 Moschum
388 1937 542 2015 reperias;
578 1937 654 2016 quin
683 1938 766 2014 apud
792 1958 911 2005 omnes,
938 1959 977 1998 ne
1002 1938 1131 2015 longum
1156 1935 1282 2008 faciam,

191 2035 289 2112 major
303 2055 376 2112 pars
392 2055 539 2095 versuum
559 2035 603 2094 sic
625 2034 787 2094 dividitur.
832 2036 954 2095 Eadem
976 2055 1102 2113 quoque
1124 2032 1284 2112 Vergilius

189 2132 297 2205 utitur,
327 2133 382 2191 sed
410 2131 546 2209 parcius,
576 2139 611 2190 ut
637 2150 719 2208 quae
744 2131 849 2190 minus
874 2131 986 2191 idonea
1011 2130 1050 2190 sit
1075 2131 1115 2191 ad
1142 2129 1283 2208 linguam

189 2229 492 2290 Latinam-verum
514 2249 553 2288 ne
574 2228 626 2287 hic
648 2227 777 2306 quidem
798 2248 879 2301 raro,
903 2235 937 2288 ut

509 2350 546 2400 tu.
559 2343 659 2409 Tityre.
673 2342 760 2392 lentus
771 2342 799 2391 in
811 2343 913 2400 umbra,

187 2453 218 2504 et

511 2541 604 2604 thymo
615 2539 680 2589 mihi
693 2539 796 2589 dulcior
808 2540 923 2604 Hyblae.
957 2568 960 2572 ·

187 2640 392 2702 Recentiores
407 2660 490 2713 vem,
506 2660 579 2700 cum
596 2647 698 2699 totam
720 2658 923 2704 numerorum
941 2647 1074 2718 anguste
1096 2621 1282 2710 coercebant

186 2738 351 2810 rationem,
377 2747 444 2798 tum
471 2738 553 2796 hanc
580 2736 749 2814 praecipue
777 2736 844 2796 sive
869 2755 946 2795 casu
971 2735 1038 2796 sive
1063 2735 1102 2796 de
1128 2735 1282 2798 industria

186 2856 298 2913 parum
320 2836 541 2896 observabant.

247 2935 328 2995 Sunt
344 2952 436 3011 porro
452 2931 570 2992 Donati
584 2931 765 2992 testimonio
787 2929 840 3008 qui
862 2929 997 3007 primum
1021 2950 1146 3008 quoque
1166 2927 1278 3008 pedem

186 3032 348 3111 dactylum
360 3050 431 3090 esse
445 3039 594 3089 censeant
612 3029 737 3101 debere,
752 3037 937 3106 partemque
958 3029 1109 3089 orationis
1125 3028 1230 3110 finire,
1245 3038 1280 3090 ut

186 3130 291 3207 ἄρχετε,
318 3127 445 3205 Tityre3
475 3146 571 3204 quam
593 3126 734 3204 regulam
762 3123 1004 3202 diligentissime
1031 3126 1181 3199 Graecos,
1203 3129 1279 3196 Ver-

185 3227 296 3305 gilium
310 3225 414 3285 minus
429 3224 518 3284 aiunt
533 3223 709 3301 custodire3
732 3242 807 3282 nam
821 3223 891 3282 illos
906 3221 937 3281 in
954 3223 1065 3300 paucis
1079 3224 1224 3284 versibus
1238 3227 1279 3286 ab

184 3345 221 3386 ea
243 3323 365 3384 ratione
386 3321 571 3393 declinasse,
587 3321 670 3381 hunc
693 3320 725 3380 in
747 3319 857 3397 paucis
878 3328 1032 3380 secutum.
1165 3320 1169 3326 ’

246 3422 305 3480 Est
321 3429 426 3479 autem
446 3419 531 3478 aliud
549 3418 622 3477 huic
640 3437 790 3477 caesurae
811 3425 992 3495 cognatum,
1015 3419 1099 3495 quod
1120 3439 1159 3479 ex
1181 3421 1279 3499 canti-

183 3520 263 3581 lenis
288 3518 465 3598 agrestibus
491 3525 545 3588 aut
573 3516 705 3594 magicis
733 3515 928 3590 carminibus
953 3516 1125 3576 deductum
1153 3518 1278 3592 ferunt;

183 3637 253 3678 eam
269 3616 340 3676 dico
355 3614 489 3692 figuram
512 3634 593 3692 quae
614 3613 834 3675 ἐπαναδίπλωσις
854 3622 996 3685 vocatur,
1012 3613 1073 3676 hoc
1091 3623 1148 3688 est,
1165 3617 1278 3694 repeti-

182 3715 301 3787 tionem
323 3714 463 3792 ejusdem
479 3712 566 3774 verbi
587 3712 619 3772 in
641 3711 752 3794 quinto
768 3711 857 3788 pede,
873 3709 959 3787 quod
973 3709 1005 3770 in
1023 3712 1125 3789 primo
1139 3713 1277 3794 positum

182 3823 240 3888 est,
261 3821 296 3876 ut

375 3925 466 3990 tinxere
478 3926 623 3985 βωκολικίίς,
635 3927 720 3974 Moror
732 3922 809 3988 φίλαι,
821 3922 905 3988 ἆρχενἱ
918 3922 997 3974 ἀοιδᾶς

181 4037 212 4090 et

375 4141 402 4192 od
414 4140 624 4204 θέμιε,ὦποιμὰν,
635 4139 664 4190 τὸ
673 4138 847 4202 μεσαμβρινὸν,
859 4139 887 4188 οὐ
899 4136 964 4198 θέμις
975 4137 1047 4201 ἄμμιν
1097 4128 1098 4132 Ἰ
1184 4200 1188 4205 ,
1236 4209 1238 4212 ι

375 4225 495 4291 repletur.
