2916 4884
705 427 706 431 ¹
718 404 738 467 9

183 577 336 627 mentum.
372 568 508 627 Iteratur
522 566 606 627 enim
621 586 730 627 versus
743 564 912 626 identidem
928 585 983 643 per
994 585 1116 642 poema,
1129 565 1183 644 qui
1197 583 1270 624 cum

184 658 225 725 ad
239 664 371 725 affectus
386 664 557 725 movendos
571 663 714 724 nonnihil
728 662 876 736 conferat,
893 670 960 723 tum
976 663 1080 724 nescio
1098 683 1160 740 quo
1177 670 1272 740 pacto

181 779 255 820 cum
271 761 418 820 tibiarum
435 760 537 821 modis
551 760 717 820 cohaerere
732 759 886 834 videatur.
920 757 973 820 Sic
988 768 1035 819 est
1050 759 1151 837 primo
1165 758 1273 837 idyllio

184 857 364 935 quindecies
385 856 615 935 interpositum,

376 974 465 1038 ἄρχετε
476 975 619 1031 Roxolanis,
631 972 802 1035 maneronta,
814 972 897 1036 θρχετ’
909 972 997 1024 ἀοιδᾶς·

184 1082 216 1132 et
230 1072 312 1132 inter
327 1073 509 1134 Simaethae
523 1092 650 1133 carmen
665 1072 862 1144 creberrime,
953 1077 957 1082 '

375 1188 436 1248 θνγΕ,
449 1185 506 1236 ἕλκε
517 1185 548 1235 τὺ
559 1188 633 1244 τῆνον
643 1186 701 1247 ἔρον
711 1185 767 1235 ποτ]
778 1187 843 1246 δῶμα
853 1185 897 1235 τὸν
907 1184 988 1250 ἄνδρα.

183 1284 269 1361 quod
284 1291 315 1343 et
329 1283 485 1360 Vergilius
500 1282 642 1342 imitatur
656 1283 688 1343 in
704 1283 962 1344 pharmaceutria
977 1302 1045 1355 sua,

314 1397 410 1446 Ducite
421 1397 456 1446 ab
468 1397 532 1446 urbe
544 1397 660 1455 domum,
673 1412 731 1446 mea
742 1397 868 1455 carmina,
880 1396 968 1447 ducite
980 1398 1114 1463 Daphnin.

187 1496 268 1556 Item
282 1495 367 1572 apud
382 1493 524 1566 Bionem,
541 1493 590 1554 vel
606 1493 690 1554 haud
705 1494 770 1554 scio
785 1513 825 1553 an
840 1494 1049 1566 elaboratius;
1072 1495 1148 1556 item
1168 1496 1201 1556 in
1222 1495 1277 1557 illa

188 1593 312 1653 Moschi
333 1591 454 1663 naenia,

378 1706 468 1768 ἄρχετε
479 1705 601 1757 Σικελικαὶ
612 1709 646 1754 τΐο
657 1706 763 1761 πένθεος,
774 1705 872 1770 ἄρχετε.
883 1709 975 1755 Maiiam.

185 1807 263 1867 etin
279 1826 317 1865 eo
332 1804 516 1865 Nemesiani
534 1813 688 1882 poemate,
712 1804 765 1881 qui
788 1805 871 1864 Eros
892 1803 1081 1878 inscribitur,
1103 1805 1278 1868 intervallis

186 1903 317 1981 paribus
337 1902 504 1973 inclusum,

315 2022 411 2072 cantet,
424 2024 494 2064 amat
507 2014 578 2079 quod
590 2015 715 2080 quisque;
733 2015 821 2065 levant
833 2024 859 2064 et
871 2017 990 2066 carmina
1001 2031 1086 2066 curas.

359 2191 364 2202 ,
528 2127 713 2187 Proximum
728 2137 775 2188 est
792 2138 825 2189 ut
840 2139 1063 2208 argumentum
1083 2132 1195 2191 horum
1212 2152 1279 2193 car·

142 2239 145 2246 ·
186 2195 441 2309 eaffiffiffiesshcg
467 2225 597 2296 minum,
614 2226 704 2302 cujus
720 2246 815 2302 supra
831 2227 862 2285 in
882 2227 1072 2287 mentionem
1092 2230 1184 2306 quasi
1205 2251 1281 2292 casu

466 2321 572 2394 incidi,
598 2323 757 2399 copiosius
779 2324 846 2400 jam
873 2345 1036 2402 exsequar.
1094 2328 1221 2387 Etenim
1248 2339 1283 2389 ut

188 2441 261 2481 suos
290 2439 436 2480 numeros
464 2420 560 2480 habet
588 2420 766 2480 bucolicum
796 2440 906 2498 genuS,
932 2421 976 2482 ita
1002 2424 1162 2501 propriam
1186 2426 1283 2487 habet

189 2518 363 2578 materiam.
405 2517 490 2576 Nam
507 2536 578 2577 vere
600 2516 672 2577 lieet
690 2518 728 2578 de
743 2518 913 2578 Theocrito
933 2519 1005 2592 dici,
1024 2521 1109 2598 quod
1130 2524 1282 2583 Moschus

188 2615 229 2676 de
252 2614 362 2686 Bione‚

563 2729 590 2776 oi
602 2729 729 2787 πολέμους.
741 2730 768 2777 οὐ
781 2729 876 2790 δάκρυα,
888 2731 954 2779 Πᾶνα
966 2733 986 2779 δ’
998 2732 1088 2790 ἔμελτε

382 2810 421 2859 καὶ
431 2808 519 2866 finirer
531 2810 645 2871 ἐλίγαινε·

189 2925 283 2988 Canit
311 2923 363 2983 ille
397 2922 545 2982 nimirum
581 2943 630 2983 res
665 2923 810 2997 rusticas,
839 2926 924 2986 canit
953 2946 1064 3005 greges
1093 2950 1130 2989 ac
1157 2951 1281 3007 pecora,

189 3036 349 3102 pastorum
376 3020 648 3099 nympharumque
670 3041 802 3093 amores,
824 3043 944 3100 pascua
966 3037 996 3085 et
1019 3046 1113 3103 rupes
1133 3036 1164 3087 et
1186 3029 1283 3090 silvas

188 3131 220 3182 et
240 3120 399 3180 silvestres
420 3118 505 3188 deos
522 3126 621 3178 totum
645 3118 782 3195 denique
803 3139 856 3178 rus
878 3122 918 3180 ad
939 3123 1063 3182 aurium
1085 3125 1281 3202 voluptatem

189 3215 422 3291 blanditiasque
436 3213 611 3273 animorum
629 3215 768 3274 arcessit.
813 3216 910 3294 Atqui
926 3218 975 3277 his
997 3221 1200 3295 carminibus,
1222 3225 1282 3284 etsi

188 3312 355 3376 humiliora
381 3318 464 3381 sunt,
488 3310 573 3369 huic*
588 3311 709 3382 Musae,
732 3312 879 3389 quamvis
900 3313 1090 3389 rusticanae,
1111 3338 1173 3378 non
1194 3320 1282 3381 deest

188 3419 339 3474 venustas
364 3416 418 3467 aut
443 3407 609 3485 elegantia,
635 3408 711 3485 quin
736 3409 831 3469 etiam
855 3409 887 3469 in
916 3411 1011 3484 nullo,
1038 3424 1072 3474 ut
1095 3414 1140 3475 ita
1164 3416 1280 3491 dicam,

186 3529 301 3590 genere
331 3515 439 3566 tantus
473 3515 633 3580 comparet
661 3505 758 3581 lepos,
787 3515 876 3567 tanta
906 3509 1057 3584 suavitas,
1086 3520 1154 3572 tam
1181 3533 1280 3590 paene

185 3607 296 3668 divina
315 3605 384 3664 laus
405 3610 500 3679 atque
525 3601 626 3660 virtus
649 3603 827 3663 verborum.
872 3605 956 3664 Nam
981 3607 1057 3684 quid
1080 3609 1204 3671 dulcius
1226 3611 1279 3674 illa

189 3702 339 3784 Cyclopis
359 3698 539 3778 querella-

380 3813 486 3876 ἠράσθην
496 3810 541 3873 μὲν
551 3816 629 3875 ἔγωγε
641 3815 718 3869 renis,
730 3813 797 3877 κόρα,
810 3813 880 3865 ἁνίκα
889 3818 982 3878 τρᾶτον

381 3895 449 3954 ἣνθες
462 3897 506 3960 ἐμᾷ
517 3895 563 3945 σὺν
573 3896 654 3959 ματρὶ.
665 3896 755 3946 θέλοντ’
767 3897 886 3947 beatudine
896 3899 980 3962 φύλλα

382 3982 406 4041 ἐξ
418 3978 482 4043 ipsos
495 3979 634 4043 δρέψασθαι·
652 3980 700 4042 ἐγὼ
712 3981 731 4028 δ’
744 3981 799 4030 dieu
809 3979 962 4043 ἁγεμόνευον.

187 4083 248 4156 vel,
271 4091 305 4142 ut
326 4088 373 4142 est
395 4079 478 4156 apud
500 4079 686 4156 Vergilium,

478 4192 632 4257 “Saepibus
643 4193 671 4241 in
682 4193 805 4250 nostris.'¹
818 4196 976 4260 ceteraque?

1148 4386 1155 4397 Α
1197 4384 1202 4394 ι

1158 4404 1165 4412 a

1088 4424 1093 4433 ν
1117 4426 1122 4432 .
1149 4415 1201 4445 ⁴1·-
